;; -*- mode: org; mode: beancount; -*-
;; Birth: 1980-05-12
;; Dates: 2019-01-01 - 2021-09-02
;; THIS FILE HAS BEEN AUTO-GENERATED.
* Options

option "title" "Example Beancount file"
option "operating_currency" "USD"




* Commodities


1792-01-01 commodity USD
  export: "CASH"
  name: "US Dollar"

1900-01-01 commodity VMMXX
  export: "MUTF:VMMXX (MONEY:USD)"

1980-05-12 commodity VACHR
  export: "IGNORE"
  name: "Employer Vacation Hours"

1980-05-12 commodity IRAUSD
  export: "IGNORE"
  name: "US 401k and IRA Contributions"

1995-09-18 commodity VBMPX
  export: "MUTF:VBMPX"
  name: "Vanguard Total Bond Market Index Fund Institutional Plus Shares"
  price: "USD:google/MUTF:VBMPX"

2004-01-20 commodity ITOT
  export: "NYSEARCA:ITOT"
  name: "iShares Core S&P Total U.S. Stock Market ETF"
  price: "USD:google/NYSEARCA:ITOT"

2004-01-26 commodity VHT
  export: "NYSEARCA:VHT"
  name: "Vanguard Health Care ETF"
  price: "USD:google/NYSEARCA:VHT"

2004-11-01 commodity GLD
  export: "NYSEARCA:GLD"
  name: "SPDR Gold Trust (ETF)"
  price: "USD:google/NYSEARCA:GLD"

2007-07-20 commodity VEA
  export: "NYSEARCA:VEA"
  name: "Vanguard FTSE Developed Markets ETF"
  price: "USD:google/NYSEARCA:VEA"

2009-05-01 commodity RGAGX
  export: "MUTF:RGAGX"
  name: "American Funds The Growth Fund of America Class R-6"
  price: "USD:google/MUTF:RGAGX"



* Equity Accounts

1980-05-12 open Equity:Opening-Balances
1980-05-12 open Liabilities:AccountsPayable
  balance_sheet_category: "Liabilities:Current liabilities:Accounts payable"
  equity_category: "Equity:Current equity:Current liabilities"



* Banking

2019-01-01 open Assets:US:BofA
  address: "123 America Street, LargeTown, USA"
  institution: "Bank of America"
  phone: "+1.012.345.6789"
  balance_sheet_category: "Assets:Current assets:Cash and cash equivalent"
  equity_category: "Equity:Current equity:Current assets"
2019-01-01 open Assets:US:BofA:Checking                        USD
  account: "00234-48574897"
  balance_sheet_category: "Assets:Current assets:Cash and cash equivalent"
  equity_category: "Equity:Current equity:Current assets"

2019-01-01 * "Opening Balance for checking account"
  Assets:US:BofA:Checking                         3437.59 USD
  Equity:Opening-Balances                        -3437.59 USD

2019-01-02 balance Assets:US:BofA:Checking        3437.59 USD

2019-01-04 * "BANK FEES" "Monthly bank fee"
  Assets:US:BofA:Checking                           -4.00 USD
  Expenses:Financial:Fees                            4.00 USD

2019-01-04 * "RiverBank Properties" "Paying the rent"
  Assets:US:BofA:Checking                        -2400.00 USD
  Expenses:Home:Rent                              2400.00 USD

2019-01-09 * "EDISON POWER" ""
  Assets:US:BofA:Checking                          -65.00 USD
  Expenses:Home:Electricity                         65.00 USD

2019-01-19 * "Verizon Wireless" ""
  Assets:US:BofA:Checking                          -68.73 USD
  Expenses:Home:Phone                               68.73 USD

2019-01-22 balance Assets:US:BofA:Checking        3327.69 USD

2019-01-22 * "Wine-Tarner Cable" ""
  Assets:US:BofA:Checking                          -80.06 USD
  Expenses:Home:Internet                            80.06 USD

2019-02-04 * "BANK FEES" "Monthly bank fee"
  Assets:US:BofA:Checking                           -4.00 USD
  Expenses:Financial:Fees                            4.00 USD

2019-02-04 * "RiverBank Properties" "Paying the rent"
  Assets:US:BofA:Checking                        -2400.00 USD
  Expenses:Home:Rent                              2400.00 USD

2019-02-09 * "EDISON POWER" ""
  Assets:US:BofA:Checking                          -65.00 USD
  Expenses:Home:Electricity                         65.00 USD

2019-02-19 * "Verizon Wireless" ""
  Assets:US:BofA:Checking                          -56.93 USD
  Expenses:Home:Phone                               56.93 USD

2019-02-20 balance Assets:US:BofA:Checking        2788.00 USD

2019-02-21 * "Wine-Tarner Cable" ""
  Assets:US:BofA:Checking                          -79.99 USD
  Expenses:Home:Internet                            79.99 USD

2019-03-04 * "BANK FEES" "Monthly bank fee"
  Assets:US:BofA:Checking                           -4.00 USD
  Expenses:Financial:Fees                            4.00 USD

2019-03-04 * "RiverBank Properties" "Paying the rent"
  Assets:US:BofA:Checking                        -2400.00 USD
  Expenses:Home:Rent                              2400.00 USD

2019-03-09 * "EDISON POWER" ""
  Assets:US:BofA:Checking                          -65.00 USD
  Expenses:Home:Electricity                         65.00 USD

2019-03-18 balance Assets:US:BofA:Checking        2321.18 USD

2019-03-18 * "Verizon Wireless" ""
  Assets:US:BofA:Checking                          -64.97 USD
  Expenses:Home:Phone                               64.97 USD

2019-03-22 * "Wine-Tarner Cable" ""
  Assets:US:BofA:Checking                          -80.06 USD
  Expenses:Home:Internet                            80.06 USD

2019-04-04 * "BANK FEES" "Monthly bank fee"
  Assets:US:BofA:Checking                           -4.00 USD
  Expenses:Financial:Fees                            4.00 USD

2019-04-04 * "RiverBank Properties" "Paying the rent"
  Assets:US:BofA:Checking                        -2400.00 USD
  Expenses:Home:Rent                              2400.00 USD

2019-04-08 * "EDISON POWER" ""
  Assets:US:BofA:Checking                          -65.00 USD
  Expenses:Home:Electricity                         65.00 USD

2019-04-09 balance Assets:US:BofA:Checking        1057.75 USD

2019-04-20 * "Verizon Wireless" ""
  Assets:US:BofA:Checking                          -65.87 USD
  Expenses:Home:Phone                               65.87 USD

2019-04-21 * "Wine-Tarner Cable" ""
  Assets:US:BofA:Checking                          -80.09 USD
  Expenses:Home:Internet                            80.09 USD

2019-05-01 balance Assets:US:BofA:Checking        3041.32 USD

2019-05-04 * "BANK FEES" "Monthly bank fee"
  Assets:US:BofA:Checking                           -4.00 USD
  Expenses:Financial:Fees                            4.00 USD

2019-05-06 * "RiverBank Properties" "Paying the rent"
  Assets:US:BofA:Checking                        -2400.00 USD
  Expenses:Home:Rent                              2400.00 USD

2019-05-08 * "EDISON POWER" ""
  Assets:US:BofA:Checking                          -65.00 USD
  Expenses:Home:Electricity                         65.00 USD

2019-05-18 * "Verizon Wireless" ""
  Assets:US:BofA:Checking                          -54.47 USD
  Expenses:Home:Phone                               54.47 USD

2019-05-22 balance Assets:US:BofA:Checking        1157.71 USD

2019-05-22 * "Wine-Tarner Cable" ""
  Assets:US:BofA:Checking                          -80.01 USD
  Expenses:Home:Internet                            80.01 USD

2019-06-03 * "RiverBank Properties" "Paying the rent"
  Assets:US:BofA:Checking                        -2400.00 USD
  Expenses:Home:Rent                              2400.00 USD

2019-06-04 * "BANK FEES" "Monthly bank fee"
  Assets:US:BofA:Checking                           -4.00 USD
  Expenses:Financial:Fees                            4.00 USD

2019-06-09 * "EDISON POWER" ""
  Assets:US:BofA:Checking                          -65.00 USD
  Expenses:Home:Electricity                         65.00 USD

2019-06-13 balance Assets:US:BofA:Checking         537.99 USD

2019-06-20 * "Verizon Wireless" ""
  Assets:US:BofA:Checking                          -62.63 USD
  Expenses:Home:Phone                               62.63 USD

2019-06-21 * "Wine-Tarner Cable" ""
  Assets:US:BofA:Checking                          -80.04 USD
  Expenses:Home:Internet                            80.04 USD

2019-07-03 balance Assets:US:BofA:Checking        1745.92 USD

2019-07-04 * "BANK FEES" "Monthly bank fee"
  Assets:US:BofA:Checking                           -4.00 USD
  Expenses:Financial:Fees                            4.00 USD

2019-07-04 * "RiverBank Properties" "Paying the rent"
  Assets:US:BofA:Checking                        -2400.00 USD
  Expenses:Home:Rent                              2400.00 USD

2019-07-09 * "EDISON POWER" ""
  Assets:US:BofA:Checking                          -65.00 USD
  Expenses:Home:Electricity                         65.00 USD

2019-07-20 * "Verizon Wireless" ""
  Assets:US:BofA:Checking                          -72.90 USD
  Expenses:Home:Phone                               72.90 USD

2019-07-23 * "Wine-Tarner Cable" ""
  Assets:US:BofA:Checking                          -79.93 USD
  Expenses:Home:Internet                            79.93 USD

2019-07-26 balance Assets:US:BofA:Checking        1197.77 USD

2019-08-04 * "BANK FEES" "Monthly bank fee"
  Assets:US:BofA:Checking                           -4.00 USD
  Expenses:Financial:Fees                            4.00 USD

2019-08-06 * "RiverBank Properties" "Paying the rent"
  Assets:US:BofA:Checking                        -2400.00 USD
  Expenses:Home:Rent                              2400.00 USD

2019-08-09 * "EDISON POWER" ""
  Assets:US:BofA:Checking                          -65.00 USD
  Expenses:Home:Electricity                         65.00 USD

2019-08-18 * "Verizon Wireless" ""
  Assets:US:BofA:Checking                          -72.36 USD
  Expenses:Home:Phone                               72.36 USD

2019-08-23 * "Wine-Tarner Cable" ""
  Assets:US:BofA:Checking                          -80.05 USD
  Expenses:Home:Internet                            80.05 USD

2019-08-24 balance Assets:US:BofA:Checking        2452.73 USD

2019-09-03 * "RiverBank Properties" "Paying the rent"
  Assets:US:BofA:Checking                        -2400.00 USD
  Expenses:Home:Rent                              2400.00 USD

2019-09-04 * "BANK FEES" "Monthly bank fee"
  Assets:US:BofA:Checking                           -4.00 USD
  Expenses:Financial:Fees                            4.00 USD

2019-09-08 * "EDISON POWER" ""
  Assets:US:BofA:Checking                          -65.00 USD
  Expenses:Home:Electricity                         65.00 USD

2019-09-13 balance Assets:US:BofA:Checking        4490.03 USD

2019-09-13 * "Transfering accumulated savings to other account"
  Assets:US:BofA:Checking                           -4000 USD
  Assets:US:ETrade:Cash                              4000 USD

2019-09-18 * "Verizon Wireless" ""
  Assets:US:BofA:Checking                          -65.25 USD
  Expenses:Home:Phone                               65.25 USD

2019-09-22 * "Wine-Tarner Cable" ""
  Assets:US:BofA:Checking                          -79.98 USD
  Expenses:Home:Internet                            79.98 USD

2019-10-03 * "RiverBank Properties" "Paying the rent"
  Assets:US:BofA:Checking                        -2400.00 USD
  Expenses:Home:Rent                              2400.00 USD

2019-10-04 * "BANK FEES" "Monthly bank fee"
  Assets:US:BofA:Checking                           -4.00 USD
  Expenses:Financial:Fees                            4.00 USD

2019-10-08 * "EDISON POWER" ""
  Assets:US:BofA:Checking                          -65.00 USD
  Expenses:Home:Electricity                         65.00 USD

2019-10-11 balance Assets:US:BofA:Checking        2387.22 USD

2019-10-20 * "Verizon Wireless" ""
  Assets:US:BofA:Checking                          -56.69 USD
  Expenses:Home:Phone                               56.69 USD

2019-10-23 * "Wine-Tarner Cable" ""
  Assets:US:BofA:Checking                          -79.79 USD
  Expenses:Home:Internet                            79.79 USD

2019-11-04 * "BANK FEES" "Monthly bank fee"
  Assets:US:BofA:Checking                           -4.00 USD
  Expenses:Financial:Fees                            4.00 USD

2019-11-06 * "RiverBank Properties" "Paying the rent"
  Assets:US:BofA:Checking                        -2400.00 USD
  Expenses:Home:Rent                              2400.00 USD

2019-11-08 * "EDISON POWER" ""
  Assets:US:BofA:Checking                          -65.00 USD
  Expenses:Home:Electricity                         65.00 USD

2019-11-08 * "Transfering accumulated savings to other account"
  Assets:US:BofA:Checking                           -3000 USD
  Assets:US:ETrade:Cash                              3000 USD

2019-11-10 balance Assets:US:BofA:Checking        1882.94 USD

2019-11-19 * "Verizon Wireless" ""
  Assets:US:BofA:Checking                          -52.07 USD
  Expenses:Home:Phone                               52.07 USD

2019-11-21 * "Wine-Tarner Cable" ""
  Assets:US:BofA:Checking                          -80.01 USD
  Expenses:Home:Internet                            80.01 USD

2019-12-03 * "RiverBank Properties" "Paying the rent"
  Assets:US:BofA:Checking                        -2400.00 USD
  Expenses:Home:Rent                              2400.00 USD

2019-12-04 * "BANK FEES" "Monthly bank fee"
  Assets:US:BofA:Checking                           -4.00 USD
  Expenses:Financial:Fees                            4.00 USD

2019-12-08 * "EDISON POWER" ""
  Assets:US:BofA:Checking                          -65.00 USD
  Expenses:Home:Electricity                         65.00 USD

2019-12-09 balance Assets:US:BofA:Checking        3879.65 USD

2019-12-19 * "Verizon Wireless" ""
  Assets:US:BofA:Checking                          -37.46 USD
  Expenses:Home:Phone                               37.46 USD

2019-12-21 * "Wine-Tarner Cable" ""
  Assets:US:BofA:Checking                          -79.88 USD
  Expenses:Home:Internet                            79.88 USD

2020-01-04 balance Assets:US:BofA:Checking        7235.81 USD

2020-01-04 * "BANK FEES" "Monthly bank fee"
  Assets:US:BofA:Checking                           -4.00 USD
  Expenses:Financial:Fees                            4.00 USD

2020-01-06 * "RiverBank Properties" "Paying the rent"
  Assets:US:BofA:Checking                        -2400.00 USD
  Expenses:Home:Rent                              2400.00 USD

2020-01-08 * "EDISON POWER" ""
  Assets:US:BofA:Checking                          -65.00 USD
  Expenses:Home:Electricity                         65.00 USD

2020-01-19 * "Verizon Wireless" ""
  Assets:US:BofA:Checking                          -63.20 USD
  Expenses:Home:Phone                               63.20 USD

2020-01-23 * "Wine-Tarner Cable" ""
  Assets:US:BofA:Checking                          -80.00 USD
  Expenses:Home:Internet                            80.00 USD

2020-01-24 balance Assets:US:BofA:Checking        5208.59 USD

2020-02-04 * "BANK FEES" "Monthly bank fee"
  Assets:US:BofA:Checking                           -4.00 USD
  Expenses:Financial:Fees                            4.00 USD

2020-02-06 * "RiverBank Properties" "Paying the rent"
  Assets:US:BofA:Checking                        -2400.00 USD
  Expenses:Home:Rent                              2400.00 USD

2020-02-09 * "EDISON POWER" ""
  Assets:US:BofA:Checking                          -65.00 USD
  Expenses:Home:Electricity                         65.00 USD

2020-02-19 * "Verizon Wireless" ""
  Assets:US:BofA:Checking                          -59.58 USD
  Expenses:Home:Phone                               59.58 USD

2020-02-20 balance Assets:US:BofA:Checking        4712.01 USD

2020-02-22 * "Wine-Tarner Cable" ""
  Assets:US:BofA:Checking                          -80.02 USD
  Expenses:Home:Internet                            80.02 USD

2020-03-04 * "BANK FEES" "Monthly bank fee"
  Assets:US:BofA:Checking                           -4.00 USD
  Expenses:Financial:Fees                            4.00 USD

2020-03-04 * "RiverBank Properties" "Paying the rent"
  Assets:US:BofA:Checking                        -2400.00 USD
  Expenses:Home:Rent                              2400.00 USD

2020-03-09 * "EDISON POWER" ""
  Assets:US:BofA:Checking                          -65.00 USD
  Expenses:Home:Electricity                         65.00 USD

2020-03-12 balance Assets:US:BofA:Checking        2566.18 USD

2020-03-19 * "Verizon Wireless" ""
  Assets:US:BofA:Checking                          -58.35 USD
  Expenses:Home:Phone                               58.35 USD

2020-03-21 * "Wine-Tarner Cable" ""
  Assets:US:BofA:Checking                          -80.10 USD
  Expenses:Home:Internet                            80.10 USD

2020-04-04 * "BANK FEES" "Monthly bank fee"
  Assets:US:BofA:Checking                           -4.00 USD
  Expenses:Financial:Fees                            4.00 USD

2020-04-06 * "RiverBank Properties" "Paying the rent"
  Assets:US:BofA:Checking                        -2400.00 USD
  Expenses:Home:Rent                              2400.00 USD

2020-04-07 balance Assets:US:BofA:Checking        1894.48 USD

2020-04-09 * "EDISON POWER" ""
  Assets:US:BofA:Checking                          -65.00 USD
  Expenses:Home:Electricity                         65.00 USD

2020-04-18 * "Verizon Wireless" ""
  Assets:US:BofA:Checking                          -58.97 USD
  Expenses:Home:Phone                               58.97 USD

2020-04-22 * "Wine-Tarner Cable" ""
  Assets:US:BofA:Checking                          -80.06 USD
  Expenses:Home:Internet                            80.06 USD

2020-05-01 balance Assets:US:BofA:Checking        3657.70 USD

2020-05-04 * "BANK FEES" "Monthly bank fee"
  Assets:US:BofA:Checking                           -4.00 USD
  Expenses:Financial:Fees                            4.00 USD

2020-05-05 * "RiverBank Properties" "Paying the rent"
  Assets:US:BofA:Checking                        -2400.00 USD
  Expenses:Home:Rent                              2400.00 USD

2020-05-09 * "EDISON POWER" ""
  Assets:US:BofA:Checking                          -65.00 USD
  Expenses:Home:Electricity                         65.00 USD

2020-05-20 * "Verizon Wireless" ""
  Assets:US:BofA:Checking                          -68.45 USD
  Expenses:Home:Phone                               68.45 USD

2020-05-21 balance Assets:US:BofA:Checking        1780.82 USD

2020-05-21 * "Wine-Tarner Cable" ""
  Assets:US:BofA:Checking                          -80.16 USD
  Expenses:Home:Internet                            80.16 USD

2020-06-04 * "BANK FEES" "Monthly bank fee"
  Assets:US:BofA:Checking                           -4.00 USD
  Expenses:Financial:Fees                            4.00 USD

2020-06-04 * "RiverBank Properties" "Paying the rent"
  Assets:US:BofA:Checking                        -2400.00 USD
  Expenses:Home:Rent                              2400.00 USD

2020-06-09 * "EDISON POWER" ""
  Assets:US:BofA:Checking                          -65.00 USD
  Expenses:Home:Electricity                         65.00 USD

2020-06-16 balance Assets:US:BofA:Checking        1170.49 USD

2020-06-19 * "Verizon Wireless" ""
  Assets:US:BofA:Checking                          -60.30 USD
  Expenses:Home:Phone                               60.30 USD

2020-06-23 * "Wine-Tarner Cable" ""
  Assets:US:BofA:Checking                          -80.12 USD
  Expenses:Home:Internet                            80.12 USD

2020-07-04 * "BANK FEES" "Monthly bank fee"
  Assets:US:BofA:Checking                           -4.00 USD
  Expenses:Financial:Fees                            4.00 USD

2020-07-04 * "RiverBank Properties" "Paying the rent"
  Assets:US:BofA:Checking                        -2400.00 USD
  Expenses:Home:Rent                              2400.00 USD

2020-07-08 * "EDISON POWER" ""
  Assets:US:BofA:Checking                          -65.00 USD
  Expenses:Home:Electricity                         65.00 USD

2020-07-16 balance Assets:US:BofA:Checking         669.51 USD

2020-07-20 * "Verizon Wireless" ""
  Assets:US:BofA:Checking                          -54.12 USD
  Expenses:Home:Phone                               54.12 USD

2020-07-22 * "Wine-Tarner Cable" ""
  Assets:US:BofA:Checking                          -79.98 USD
  Expenses:Home:Internet                            79.98 USD

2020-08-04 * "BANK FEES" "Monthly bank fee"
  Assets:US:BofA:Checking                           -4.00 USD
  Expenses:Financial:Fees                            4.00 USD

2020-08-05 * "RiverBank Properties" "Paying the rent"
  Assets:US:BofA:Checking                        -2400.00 USD
  Expenses:Home:Rent                              2400.00 USD

2020-08-08 balance Assets:US:BofA:Checking         964.03 USD

2020-08-09 * "EDISON POWER" ""
  Assets:US:BofA:Checking                          -65.00 USD
  Expenses:Home:Electricity                         65.00 USD

2020-08-20 * "Verizon Wireless" ""
  Assets:US:BofA:Checking                          -37.75 USD
  Expenses:Home:Phone                               37.75 USD

2020-08-23 * "Wine-Tarner Cable" ""
  Assets:US:BofA:Checking                          -79.85 USD
  Expenses:Home:Internet                            79.85 USD

2020-08-30 balance Assets:US:BofA:Checking        5882.63 USD

2020-09-04 * "BANK FEES" "Monthly bank fee"
  Assets:US:BofA:Checking                           -4.00 USD
  Expenses:Financial:Fees                            4.00 USD

2020-09-04 * "RiverBank Properties" "Paying the rent"
  Assets:US:BofA:Checking                        -2400.00 USD
  Expenses:Home:Rent                              2400.00 USD

2020-09-09 * "EDISON POWER" ""
  Assets:US:BofA:Checking                          -65.00 USD
  Expenses:Home:Electricity                         65.00 USD

2020-09-11 * "Transfering accumulated savings to other account"
  Assets:US:BofA:Checking                           -5000 USD
  Assets:US:ETrade:Cash                              5000 USD

2020-09-18 * "Verizon Wireless" ""
  Assets:US:BofA:Checking                          -44.91 USD
  Expenses:Home:Phone                               44.91 USD

2020-09-20 balance Assets:US:BofA:Checking         385.38 USD

2020-09-23 * "Wine-Tarner Cable" ""
  Assets:US:BofA:Checking                          -79.84 USD
  Expenses:Home:Internet                            79.84 USD

2020-10-03 * "RiverBank Properties" "Paying the rent"
  Assets:US:BofA:Checking                        -2400.00 USD
  Expenses:Home:Rent                              2400.00 USD

2020-10-04 * "BANK FEES" "Monthly bank fee"
  Assets:US:BofA:Checking                           -4.00 USD
  Expenses:Financial:Fees                            4.00 USD

2020-10-08 * "EDISON POWER" ""
  Assets:US:BofA:Checking                          -65.00 USD
  Expenses:Home:Electricity                         65.00 USD

2020-10-16 balance Assets:US:BofA:Checking        2235.86 USD

2020-10-20 * "Verizon Wireless" ""
  Assets:US:BofA:Checking                          -71.95 USD
  Expenses:Home:Phone                               71.95 USD

2020-10-23 * "Wine-Tarner Cable" ""
  Assets:US:BofA:Checking                          -80.14 USD
  Expenses:Home:Internet                            80.14 USD

2020-11-03 * "RiverBank Properties" "Paying the rent"
  Assets:US:BofA:Checking                        -2400.00 USD
  Expenses:Home:Rent                              2400.00 USD

2020-11-04 * "BANK FEES" "Monthly bank fee"
  Assets:US:BofA:Checking                           -4.00 USD
  Expenses:Financial:Fees                            4.00 USD

2020-11-06 * "Transfering accumulated savings to other account"
  Assets:US:BofA:Checking                           -3500 USD
  Assets:US:ETrade:Cash                              3500 USD

2020-11-08 * "EDISON POWER" ""
  Assets:US:BofA:Checking                          -65.00 USD
  Expenses:Home:Electricity                         65.00 USD

2020-11-14 balance Assets:US:BofA:Checking         600.05 USD

2020-11-20 * "Verizon Wireless" ""
  Assets:US:BofA:Checking                          -80.79 USD
  Expenses:Home:Phone                               80.79 USD

2020-11-21 * "Wine-Tarner Cable" ""
  Assets:US:BofA:Checking                          -80.09 USD
  Expenses:Home:Internet                            80.09 USD

2020-12-03 * "RiverBank Properties" "Paying the rent"
  Assets:US:BofA:Checking                        -2400.00 USD
  Expenses:Home:Rent                              2400.00 USD

2020-12-04 * "BANK FEES" "Monthly bank fee"
  Assets:US:BofA:Checking                           -4.00 USD
  Expenses:Financial:Fees                            4.00 USD

2020-12-09 * "EDISON POWER" ""
  Assets:US:BofA:Checking                          -65.00 USD
  Expenses:Home:Electricity                         65.00 USD

2020-12-12 balance Assets:US:BofA:Checking        2749.57 USD

2020-12-20 * "Verizon Wireless" ""
  Assets:US:BofA:Checking                          -56.23 USD
  Expenses:Home:Phone                               56.23 USD

2020-12-23 * "Wine-Tarner Cable" ""
  Assets:US:BofA:Checking                          -79.97 USD
  Expenses:Home:Internet                            79.97 USD

2021-01-02 balance Assets:US:BofA:Checking        8277.65 USD

2021-01-04 * "BANK FEES" "Monthly bank fee"
  Assets:US:BofA:Checking                           -4.00 USD
  Expenses:Financial:Fees                            4.00 USD

2021-01-06 * "RiverBank Properties" "Paying the rent"
  Assets:US:BofA:Checking                        -2400.00 USD
  Expenses:Home:Rent                              2400.00 USD

2021-01-08 * "EDISON POWER" ""
  Assets:US:BofA:Checking                          -65.00 USD
  Expenses:Home:Electricity                         65.00 USD

2021-01-20 * "Verizon Wireless" ""
  Assets:US:BofA:Checking                          -64.15 USD
  Expenses:Home:Phone                               64.15 USD

2021-01-22 * "Wine-Tarner Cable" ""
  Assets:US:BofA:Checking                          -79.95 USD
  Expenses:Home:Internet                            79.95 USD

2021-01-23 balance Assets:US:BofA:Checking        6267.66 USD

2021-02-04 * "BANK FEES" "Monthly bank fee"
  Assets:US:BofA:Checking                           -4.00 USD
  Expenses:Financial:Fees                            4.00 USD

2021-02-04 * "RiverBank Properties" "Paying the rent"
  Assets:US:BofA:Checking                        -2400.00 USD
  Expenses:Home:Rent                              2400.00 USD

2021-02-08 * "EDISON POWER" ""
  Assets:US:BofA:Checking                          -65.00 USD
  Expenses:Home:Electricity                         65.00 USD

2021-02-15 balance Assets:US:BofA:Checking        5987.02 USD

2021-02-18 * "Verizon Wireless" ""
  Assets:US:BofA:Checking                          -47.83 USD
  Expenses:Home:Phone                               47.83 USD

2021-02-23 * "Wine-Tarner Cable" ""
  Assets:US:BofA:Checking                          -80.08 USD
  Expenses:Home:Internet                            80.08 USD

2021-03-03 * "RiverBank Properties" "Paying the rent"
  Assets:US:BofA:Checking                        -2400.00 USD
  Expenses:Home:Rent                              2400.00 USD

2021-03-04 * "BANK FEES" "Monthly bank fee"
  Assets:US:BofA:Checking                           -4.00 USD
  Expenses:Financial:Fees                            4.00 USD

2021-03-08 * "EDISON POWER" ""
  Assets:US:BofA:Checking                          -65.00 USD
  Expenses:Home:Electricity                         65.00 USD

2021-03-14 balance Assets:US:BofA:Checking        5542.22 USD

2021-03-18 * "Verizon Wireless" ""
  Assets:US:BofA:Checking                          -68.54 USD
  Expenses:Home:Phone                               68.54 USD

2021-03-23 * "Wine-Tarner Cable" ""
  Assets:US:BofA:Checking                          -80.18 USD
  Expenses:Home:Internet                            80.18 USD

2021-04-04 * "BANK FEES" "Monthly bank fee"
  Assets:US:BofA:Checking                           -4.00 USD
  Expenses:Financial:Fees                            4.00 USD

2021-04-06 * "RiverBank Properties" "Paying the rent"
  Assets:US:BofA:Checking                        -2400.00 USD
  Expenses:Home:Rent                              2400.00 USD

2021-04-07 balance Assets:US:BofA:Checking        3597.29 USD

2021-04-08 * "EDISON POWER" ""
  Assets:US:BofA:Checking                          -65.00 USD
  Expenses:Home:Electricity                         65.00 USD

2021-04-20 * "Verizon Wireless" ""
  Assets:US:BofA:Checking                          -79.20 USD
  Expenses:Home:Phone                               79.20 USD

2021-04-23 * "Wine-Tarner Cable" ""
  Assets:US:BofA:Checking                          -79.92 USD
  Expenses:Home:Internet                            79.92 USD

2021-04-28 balance Assets:US:BofA:Checking        5349.75 USD

2021-05-04 * "BANK FEES" "Monthly bank fee"
  Assets:US:BofA:Checking                           -4.00 USD
  Expenses:Financial:Fees                            4.00 USD

2021-05-04 * "RiverBank Properties" "Paying the rent"
  Assets:US:BofA:Checking                        -2400.00 USD
  Expenses:Home:Rent                              2400.00 USD

2021-05-08 * "EDISON POWER" ""
  Assets:US:BofA:Checking                          -65.00 USD
  Expenses:Home:Electricity                         65.00 USD

2021-05-18 * "Verizon Wireless" ""
  Assets:US:BofA:Checking                          -66.14 USD
  Expenses:Home:Phone                               66.14 USD

2021-05-20 balance Assets:US:BofA:Checking        3482.58 USD

2021-05-22 * "Wine-Tarner Cable" ""
  Assets:US:BofA:Checking                          -80.13 USD
  Expenses:Home:Internet                            80.13 USD

2021-06-04 * "BANK FEES" "Monthly bank fee"
  Assets:US:BofA:Checking                           -4.00 USD
  Expenses:Financial:Fees                            4.00 USD

2021-06-04 * "RiverBank Properties" "Paying the rent"
  Assets:US:BofA:Checking                        -2400.00 USD
  Expenses:Home:Rent                              2400.00 USD

2021-06-08 * "EDISON POWER" ""
  Assets:US:BofA:Checking                          -65.00 USD
  Expenses:Home:Electricity                         65.00 USD

2021-06-10 balance Assets:US:BofA:Checking        2827.80 USD

2021-06-19 * "Verizon Wireless" ""
  Assets:US:BofA:Checking                          -44.66 USD
  Expenses:Home:Phone                               44.66 USD

2021-06-22 * "Wine-Tarner Cable" ""
  Assets:US:BofA:Checking                          -80.12 USD
  Expenses:Home:Internet                            80.12 USD

2021-07-04 * "BANK FEES" "Monthly bank fee"
  Assets:US:BofA:Checking                           -4.00 USD
  Expenses:Financial:Fees                            4.00 USD

2021-07-06 * "RiverBank Properties" "Paying the rent"
  Assets:US:BofA:Checking                        -2400.00 USD
  Expenses:Home:Rent                              2400.00 USD

2021-07-08 balance Assets:US:BofA:Checking        2457.01 USD

2021-07-09 * "EDISON POWER" ""
  Assets:US:BofA:Checking                          -65.00 USD
  Expenses:Home:Electricity                         65.00 USD

2021-07-19 * "Verizon Wireless" ""
  Assets:US:BofA:Checking                          -60.77 USD
  Expenses:Home:Phone                               60.77 USD

2021-07-23 * "Wine-Tarner Cable" ""
  Assets:US:BofA:Checking                          -80.02 USD
  Expenses:Home:Internet                            80.02 USD

2021-08-02 balance Assets:US:BofA:Checking        4952.42 USD

2021-08-04 * "BANK FEES" "Monthly bank fee"
  Assets:US:BofA:Checking                           -4.00 USD
  Expenses:Financial:Fees                            4.00 USD

2021-08-05 * "RiverBank Properties" "Paying the rent"
  Assets:US:BofA:Checking                        -2400.00 USD
  Expenses:Home:Rent                              2400.00 USD

2021-08-09 * "EDISON POWER" ""
  Assets:US:BofA:Checking                          -65.00 USD
  Expenses:Home:Electricity                         65.00 USD

2021-08-13 * "Transfering accumulated savings to other account"
  Assets:US:BofA:Checking                           -4000 USD
  Assets:US:ETrade:Cash                              4000 USD

2021-08-18 * "Verizon Wireless" ""
  Assets:US:BofA:Checking                          -61.90 USD
  Expenses:Home:Phone                               61.90 USD

2021-08-23 balance Assets:US:BofA:Checking         472.12 USD

2021-08-23 * "Wine-Tarner Cable" ""
  Assets:US:BofA:Checking                          -80.02 USD
  Expenses:Home:Internet                            80.02 USD



* Credit-Cards

1980-05-12 open Liabilities:US:Chase:Slate                      USD
  balance_sheet_category: "Liabilities:Current liabilities:Credit card"
  equity_category: "Equity:Current equity:Current liabilities"

2019-01-02 * "Kin Soy" "Eating out with work buddies"
  Liabilities:US:Chase:Slate                       -24.71 USD
  Expenses:Food:Restaurant                          24.71 USD

2019-01-03 * "Kin Soy" "Eating out with Bill"
  Liabilities:US:Chase:Slate                       -76.73 USD
  Expenses:Food:Restaurant                          76.73 USD

2019-01-06 * "China Garden" "Eating out with Bill"
  Liabilities:US:Chase:Slate                       -41.08 USD
  Expenses:Food:Restaurant                          41.08 USD

2019-01-09 * "Chase:Slate" "Paying off credit card"
  Liabilities:US:Chase:Slate                       273.37 USD
  Assets:US:BofA:Checking                         -273.37 USD

2019-01-10 * "Corner Deli" "Buying groceries"
  Liabilities:US:Chase:Slate                      -130.85 USD
  Expenses:Food:Groceries                          130.85 USD

2019-01-11 * "Jewel of Morroco" "Eating out with Julie"
  Liabilities:US:Chase:Slate                       -36.45 USD
  Expenses:Food:Restaurant                          36.45 USD

2019-01-15 * "Rose Flower" "Eating out with work buddies"
  Liabilities:US:Chase:Slate                       -15.89 USD
  Expenses:Food:Restaurant                          15.89 USD

2019-01-17 * "Uncle Boons" "Eating out with Joe"
  Liabilities:US:Chase:Slate                       -29.16 USD
  Expenses:Food:Restaurant                          29.16 USD

2019-01-19 * "Chichipotle" "Eating out with work buddies"
  Liabilities:US:Chase:Slate                       -19.53 USD
  Expenses:Food:Restaurant                          19.53 USD

2019-01-21 * "Good Moods Market" "Buying groceries"
  Liabilities:US:Chase:Slate                       -80.34 USD
  Expenses:Food:Groceries                           80.34 USD

2019-01-22 * "Cafe Modagor" "Eating out with Julie"
  Liabilities:US:Chase:Slate                       -24.32 USD
  Expenses:Food:Restaurant                          24.32 USD

2019-01-25 * "Rose Flower" "Eating out alone"
  Liabilities:US:Chase:Slate                       -32.25 USD
  Expenses:Food:Restaurant                          32.25 USD

2019-01-28 balance Liabilities:US:Chase:Slate     -237.94 USD

2019-01-28 * "Cafe Modagor" "Eating out with Joe"
  Liabilities:US:Chase:Slate                       -21.13 USD
  Expenses:Food:Restaurant                          21.13 USD

2019-01-29 * "Kin Soy" "Eating out with Natasha"
  Liabilities:US:Chase:Slate                       -35.74 USD
  Expenses:Food:Restaurant                          35.74 USD

2019-01-29 * "Metro Transport Authority" "Tram tickets"
  Liabilities:US:Chase:Slate                      -120.00 USD
  Expenses:Transport:Tram                          120.00 USD

2019-01-30 * "Kin Soy" "Eating out with Joe"
  Liabilities:US:Chase:Slate                       -51.13 USD
  Expenses:Food:Restaurant                          51.13 USD

2019-02-02 * "China Garden" "Eating out "
  Liabilities:US:Chase:Slate                       -50.50 USD
  Expenses:Food:Restaurant                          50.50 USD

2019-02-07 * "Kin Soy" "Eating out with Joe"
  Liabilities:US:Chase:Slate                       -42.88 USD
  Expenses:Food:Restaurant                          42.88 USD

2019-02-07 * "Onion Market" "Buying groceries"
  Liabilities:US:Chase:Slate                       -54.30 USD
  Expenses:Food:Groceries                           54.30 USD

2019-02-11 * "Chase:Slate" "Paying off credit card"
  Liabilities:US:Chase:Slate                       634.90 USD
  Assets:US:BofA:Checking                         -634.90 USD

2019-02-12 * "Chichipotle" "Eating out with Julie"
  Liabilities:US:Chase:Slate                       -21.28 USD
  Expenses:Food:Restaurant                          21.28 USD

2019-02-13 * "Cafe Modagor" "Eating out with Bill"
  Liabilities:US:Chase:Slate                       -58.34 USD
  Expenses:Food:Restaurant                          58.34 USD

2019-02-16 * "Kin Soy" "Eating out with Natasha"
  Liabilities:US:Chase:Slate                       -22.49 USD
  Expenses:Food:Restaurant                          22.49 USD

2019-02-18 * "Kin Soy" "Eating out with Joe"
  Liabilities:US:Chase:Slate                       -24.84 USD
  Expenses:Food:Restaurant                          24.84 USD

2019-02-23 * "China Garden" "Eating out with Bill"
  Liabilities:US:Chase:Slate                       -38.74 USD
  Expenses:Food:Restaurant                          38.74 USD

2019-02-24 * "Onion Market" "Buying groceries"
  Liabilities:US:Chase:Slate                       -66.12 USD
  Expenses:Food:Groceries                           66.12 USD

2019-02-25 balance Liabilities:US:Chase:Slate     -210.53 USD

2019-02-27 * "Metro Transport Authority" "Tram tickets"
  Liabilities:US:Chase:Slate                      -120.00 USD
  Expenses:Transport:Tram                          120.00 USD

2019-02-28 * "Kin Soy" "Eating out "
  Liabilities:US:Chase:Slate                       -27.59 USD
  Expenses:Food:Restaurant                          27.59 USD

2019-03-02 * "Uncle Boons" "Eating out alone"
  Liabilities:US:Chase:Slate                       -26.14 USD
  Expenses:Food:Restaurant                          26.14 USD

2019-03-04 * "Good Moods Market" "Buying groceries"
  Liabilities:US:Chase:Slate                       -57.23 USD
  Expenses:Food:Groceries                           57.23 USD

2019-03-05 * "Goba Goba" "Eating out with Julie"
  Liabilities:US:Chase:Slate                       -85.80 USD
  Expenses:Food:Restaurant                          85.80 USD

2019-03-08 * "Uncle Boons" "Eating out with work buddies"
  Liabilities:US:Chase:Slate                       -26.61 USD
  Expenses:Food:Restaurant                          26.61 USD

2019-03-09 * "Uncle Boons" "Eating out with Joe"
  Liabilities:US:Chase:Slate                       -37.98 USD
  Expenses:Food:Restaurant                          37.98 USD

2019-03-11 * "Chase:Slate" "Paying off credit card"
  Liabilities:US:Chase:Slate                       619.03 USD
  Assets:US:BofA:Checking                         -619.03 USD

2019-03-13 * "Goba Goba" "Eating out with Julie"
  Liabilities:US:Chase:Slate                       -27.15 USD
  Expenses:Food:Restaurant                          27.15 USD

2019-03-17 balance Liabilities:US:Chase:Slate           0 USD

2019-03-17 * "Uncle Boons" "Eating out alone"
  Liabilities:US:Chase:Slate                       -18.85 USD
  Expenses:Food:Restaurant                          18.85 USD

2019-03-17 * "Farmer Fresh" "Buying groceries"
  Liabilities:US:Chase:Slate                       -51.94 USD
  Expenses:Food:Groceries                           51.94 USD

2019-03-22 * "Goba Goba" "Eating out after work"
  Liabilities:US:Chase:Slate                       -40.33 USD
  Expenses:Food:Restaurant                          40.33 USD

2019-03-26 * "Chichipotle" "Eating out with Natasha"
  Liabilities:US:Chase:Slate                       -57.31 USD
  Expenses:Food:Restaurant                          57.31 USD

2019-03-31 * "Uncle Boons" "Eating out alone"
  Liabilities:US:Chase:Slate                       -28.52 USD
  Expenses:Food:Restaurant                          28.52 USD

2019-04-01 * "China Garden" "Eating out with Bill"
  Liabilities:US:Chase:Slate                       -36.83 USD
  Expenses:Food:Restaurant                          36.83 USD

2019-04-01 * "Metro Transport Authority" "Tram tickets"
  Liabilities:US:Chase:Slate                      -120.00 USD
  Expenses:Transport:Tram                          120.00 USD

2019-04-02 * "Kin Soy" "Eating out with work buddies"
  Liabilities:US:Chase:Slate                       -35.53 USD
  Expenses:Food:Restaurant                          35.53 USD

2019-04-02 * "Farmer Fresh" "Buying groceries"
  Liabilities:US:Chase:Slate                       -82.37 USD
  Expenses:Food:Groceries                           82.37 USD

2019-04-07 * "China Garden" "Eating out "
  Liabilities:US:Chase:Slate                       -28.54 USD
  Expenses:Food:Restaurant                          28.54 USD

2019-04-10 * "Chase:Slate" "Paying off credit card"
  Liabilities:US:Chase:Slate                       571.67 USD
  Assets:US:BofA:Checking                         -571.67 USD

2019-04-11 balance Liabilities:US:Chase:Slate       71.45 USD

2019-04-11 * "Kin Soy" "Eating out with Julie"
  Liabilities:US:Chase:Slate                       -71.45 USD
  Expenses:Food:Restaurant                          71.45 USD

2019-04-14 * "China Garden" "Eating out "
  Liabilities:US:Chase:Slate                       -40.26 USD
  Expenses:Food:Restaurant                          40.26 USD

2019-04-18 * "Chichipotle" "Eating out with Bill"
  Liabilities:US:Chase:Slate                       -23.81 USD
  Expenses:Food:Restaurant                          23.81 USD

2019-04-19 * "Cafe Modagor" "Eating out alone"
  Liabilities:US:Chase:Slate                       -17.71 USD
  Expenses:Food:Restaurant                          17.71 USD

2019-04-19 * "Onion Market" "Buying groceries"
  Liabilities:US:Chase:Slate                       -71.02 USD
  Expenses:Food:Groceries                           71.02 USD

2019-04-20 * "Jewel of Morroco" "Eating out with Joe"
  Liabilities:US:Chase:Slate                       -37.11 USD
  Expenses:Food:Restaurant                          37.11 USD

2019-04-23 * "Kin Soy" "Eating out with Natasha"
  Liabilities:US:Chase:Slate                       -22.39 USD
  Expenses:Food:Restaurant                          22.39 USD

2019-04-24 * "Rose Flower" "Eating out with Julie"
  Liabilities:US:Chase:Slate                       -41.18 USD
  Expenses:Food:Restaurant                          41.18 USD

2019-04-27 * "Corner Deli" "Buying groceries"
  Liabilities:US:Chase:Slate                       -62.18 USD
  Expenses:Food:Groceries                           62.18 USD

2019-04-28 * "Goba Goba" "Eating out after work"
  Liabilities:US:Chase:Slate                       -32.54 USD
  Expenses:Food:Restaurant                          32.54 USD

2019-05-01 * "Metro Transport Authority" "Tram tickets"
  Liabilities:US:Chase:Slate                      -120.00 USD
  Expenses:Transport:Tram                          120.00 USD

2019-05-03 * "Jewel of Morroco" "Eating out with Bill"
  Liabilities:US:Chase:Slate                       -60.08 USD
  Expenses:Food:Restaurant                          60.08 USD

2019-05-05 balance Liabilities:US:Chase:Slate     -528.28 USD

2019-05-06 * "Cafe Modagor" "Eating out with Natasha"
  Liabilities:US:Chase:Slate                       -34.57 USD
  Expenses:Food:Restaurant                          34.57 USD

2019-05-07 * "Cafe Modagor" "Eating out with Julie"
  Liabilities:US:Chase:Slate                       -85.32 USD
  Expenses:Food:Restaurant                          85.32 USD

2019-05-08 * "China Garden" "Eating out with Natasha"
  Liabilities:US:Chase:Slate                       -27.30 USD
  Expenses:Food:Restaurant                          27.30 USD

2019-05-09 * "Kin Soy" "Eating out with Julie"
  Liabilities:US:Chase:Slate                       -18.06 USD
  Expenses:Food:Restaurant                          18.06 USD

2019-05-10 * "Chichipotle" "Eating out with Bill"
  Liabilities:US:Chase:Slate                       -17.21 USD
  Expenses:Food:Restaurant                          17.21 USD

2019-05-10 * "Chase:Slate" "Paying off credit card"
  Liabilities:US:Chase:Slate                       710.74 USD
  Assets:US:BofA:Checking                         -710.74 USD

2019-05-12 * "Kin Soy" "Eating out with Bill"
  Liabilities:US:Chase:Slate                       -62.35 USD
  Expenses:Food:Restaurant                          62.35 USD

2019-05-13 * "Uncle Boons" "Eating out with Bill"
  Liabilities:US:Chase:Slate                       -32.73 USD
  Expenses:Food:Restaurant                          32.73 USD

2019-05-14 * "Farmer Fresh" "Buying groceries"
  Liabilities:US:Chase:Slate                      -107.06 USD
  Expenses:Food:Groceries                          107.06 USD

2019-05-17 * "Chichipotle" "Eating out with Bill"
  Liabilities:US:Chase:Slate                       -48.55 USD
  Expenses:Food:Restaurant                          48.55 USD

2019-05-20 * "Farmer Fresh" "Buying groceries"
  Liabilities:US:Chase:Slate                       -72.06 USD
  Expenses:Food:Groceries                           72.06 USD

2019-05-21 * "Uncle Boons" "Eating out with Joe"
  Liabilities:US:Chase:Slate                       -21.96 USD
  Expenses:Food:Restaurant                          21.96 USD

2019-05-22 * "Kin Soy" "Eating out alone"
  Liabilities:US:Chase:Slate                       -28.74 USD
  Expenses:Food:Restaurant                          28.74 USD

2019-05-24 * "Kin Soy" "Eating out with work buddies"
  Liabilities:US:Chase:Slate                       -33.09 USD
  Expenses:Food:Restaurant                          33.09 USD

2019-05-26 * "Kin Soy" "Eating out after work"
  Liabilities:US:Chase:Slate                       -16.40 USD
  Expenses:Food:Restaurant                          16.40 USD

2019-05-27 * "Rose Flower" "Eating out with Bill"
  Liabilities:US:Chase:Slate                       -35.26 USD
  Expenses:Food:Restaurant                          35.26 USD

2019-05-30 balance Liabilities:US:Chase:Slate     -458.20 USD

2019-05-31 * "Jewel of Morroco" "Eating out with Natasha"
  Liabilities:US:Chase:Slate                       -21.26 USD
  Expenses:Food:Restaurant                          21.26 USD

2019-06-02 * "Goba Goba" "Eating out with Julie"
  Liabilities:US:Chase:Slate                       -25.04 USD
  Expenses:Food:Restaurant                          25.04 USD

2019-06-02 * "Metro Transport Authority" "Tram tickets"
  Liabilities:US:Chase:Slate                      -120.00 USD
  Expenses:Transport:Tram                          120.00 USD

2019-06-03 * "Cafe Modagor" "Eating out after work"
  Liabilities:US:Chase:Slate                       -36.06 USD
  Expenses:Food:Restaurant                          36.06 USD

2019-06-06 * "Chichipotle" "Eating out with Julie"
  Liabilities:US:Chase:Slate                       -22.64 USD
  Expenses:Food:Restaurant                          22.64 USD

2019-06-07 * "Corner Deli" "Buying groceries"
  Liabilities:US:Chase:Slate                       -62.58 USD
  Expenses:Food:Groceries                           62.58 USD

2019-06-08 * "Uncle Boons" "Eating out alone"
  Liabilities:US:Chase:Slate                       -26.13 USD
  Expenses:Food:Restaurant                          26.13 USD

2019-06-08 * "Chase:Slate" "Paying off credit card"
  Liabilities:US:Chase:Slate                       771.91 USD
  Assets:US:BofA:Checking                         -771.91 USD

2019-06-13 * "Chichipotle" "Eating out alone"
  Liabilities:US:Chase:Slate                       -17.38 USD
  Expenses:Food:Restaurant                          17.38 USD

2019-06-15 * "Farmer Fresh" "Buying groceries"
  Liabilities:US:Chase:Slate                       -88.59 USD
  Expenses:Food:Groceries                           88.59 USD

2019-06-18 * "Goba Goba" "Eating out "
  Liabilities:US:Chase:Slate                       -27.37 USD
  Expenses:Food:Restaurant                          27.37 USD

2019-06-19 * "Cafe Modagor" "Eating out with Joe"
  Liabilities:US:Chase:Slate                       -15.16 USD
  Expenses:Food:Restaurant                          15.16 USD

2019-06-20 balance Liabilities:US:Chase:Slate     -148.50 USD

2019-06-24 * "Cafe Modagor" "Eating out with work buddies"
  Liabilities:US:Chase:Slate                       -44.80 USD
  Expenses:Food:Restaurant                          44.80 USD

2019-06-25 * "Chichipotle" "Eating out after work"
  Liabilities:US:Chase:Slate                       -32.38 USD
  Expenses:Food:Restaurant                          32.38 USD

2019-06-26 * "Kin Soy" "Eating out with work buddies"
  Liabilities:US:Chase:Slate                       -19.10 USD
  Expenses:Food:Restaurant                          19.10 USD

2019-06-27 * "Rose Flower" "Eating out "
  Liabilities:US:Chase:Slate                       -40.01 USD
  Expenses:Food:Restaurant                          40.01 USD

2019-06-29 * "China Garden" "Eating out with Julie"
  Liabilities:US:Chase:Slate                       -37.80 USD
  Expenses:Food:Restaurant                          37.80 USD

2019-06-29 * "Metro Transport Authority" "Tram tickets"
  Liabilities:US:Chase:Slate                      -120.00 USD
  Expenses:Transport:Tram                          120.00 USD

2019-07-03 * "Chichipotle" "Eating out with Joe"
  Liabilities:US:Chase:Slate                       -30.17 USD
  Expenses:Food:Restaurant                          30.17 USD

2019-07-04 * "Corner Deli" "Buying groceries"
  Liabilities:US:Chase:Slate                       -81.55 USD
  Expenses:Food:Groceries                           81.55 USD

2019-07-05 * "Rose Flower" "Eating out "
  Liabilities:US:Chase:Slate                       -19.66 USD
  Expenses:Food:Restaurant                          19.66 USD

2019-07-07 * "Chichipotle" "Eating out with Joe"
  Liabilities:US:Chase:Slate                       -22.04 USD
  Expenses:Food:Restaurant                          22.04 USD

2019-07-10 * "Chase:Slate" "Paying off credit card"
  Liabilities:US:Chase:Slate                       627.52 USD
  Assets:US:BofA:Checking                         -627.52 USD

2019-07-11 * "China Garden" "Eating out "
  Liabilities:US:Chase:Slate                       -31.51 USD
  Expenses:Food:Restaurant                          31.51 USD

2019-07-12 * "Cafe Modagor" "Eating out with Joe"
  Liabilities:US:Chase:Slate                       -40.51 USD
  Expenses:Food:Restaurant                          40.51 USD

2019-07-15 * "Rose Flower" "Eating out "
  Liabilities:US:Chase:Slate                       -16.23 USD
  Expenses:Food:Restaurant                          16.23 USD

2019-07-16 balance Liabilities:US:Chase:Slate      -56.74 USD

2019-07-18 * "Onion Market" "Buying groceries"
  Liabilities:US:Chase:Slate                       -97.50 USD
  Expenses:Food:Groceries                           97.50 USD

2019-07-19 * "Cafe Modagor" "Eating out with work buddies"
  Liabilities:US:Chase:Slate                       -23.09 USD
  Expenses:Food:Restaurant                          23.09 USD

2019-07-23 * "Cafe Modagor" "Eating out alone"
  Liabilities:US:Chase:Slate                       -32.81 USD
  Expenses:Food:Restaurant                          32.81 USD

2019-07-25 * "Farmer Fresh" "Buying groceries"
  Liabilities:US:Chase:Slate                       -88.98 USD
  Expenses:Food:Groceries                           88.98 USD

2019-07-28 * "Uncle Boons" "Eating out "
  Liabilities:US:Chase:Slate                       -24.98 USD
  Expenses:Food:Restaurant                          24.98 USD

2019-07-29 * "Metro Transport Authority" "Tram tickets"
  Liabilities:US:Chase:Slate                      -120.00 USD
  Expenses:Transport:Tram                          120.00 USD

2019-07-31 * "Goba Goba" "Eating out with Bill"
  Liabilities:US:Chase:Slate                       -34.80 USD
  Expenses:Food:Restaurant                          34.80 USD

2019-08-03 * "Jewel of Morroco" "Eating out with Joe"
  Liabilities:US:Chase:Slate                       -21.88 USD
  Expenses:Food:Restaurant                          21.88 USD

2019-08-04 * "China Garden" "Eating out after work"
  Liabilities:US:Chase:Slate                       -44.51 USD
  Expenses:Food:Restaurant                          44.51 USD

2019-08-05 * "Jewel of Morroco" "Eating out with Julie"
  Liabilities:US:Chase:Slate                       -30.40 USD
  Expenses:Food:Restaurant                          30.40 USD

2019-08-06 balance Liabilities:US:Chase:Slate     -575.69 USD

2019-08-07 * "Onion Market" "Buying groceries"
  Liabilities:US:Chase:Slate                      -107.80 USD
  Expenses:Food:Groceries                          107.80 USD

2019-08-08 * "Goba Goba" "Eating out with work buddies"
  Liabilities:US:Chase:Slate                       -20.74 USD
  Expenses:Food:Restaurant                          20.74 USD

2019-08-09 * "Chase:Slate" "Paying off credit card"
  Liabilities:US:Chase:Slate                       724.83 USD
  Assets:US:BofA:Checking                         -724.83 USD

2019-08-13 * "Cafe Modagor" "Eating out with work buddies"
  Liabilities:US:Chase:Slate                       -20.60 USD
  Expenses:Food:Restaurant                          20.60 USD

2019-08-15 * "Uncle Boons" "Eating out with Bill"
  Liabilities:US:Chase:Slate                       -79.15 USD
  Expenses:Food:Restaurant                          79.15 USD

2019-08-16 * "Uncle Boons" "Eating out with Joe"
  Liabilities:US:Chase:Slate                       -21.37 USD
  Expenses:Food:Restaurant                          21.37 USD

2019-08-19 * "Jewel of Morroco" "Eating out after work"
  Liabilities:US:Chase:Slate                       -12.96 USD
  Expenses:Food:Restaurant                          12.96 USD

2019-08-20 * "Corner Deli" "Buying groceries"
  Liabilities:US:Chase:Slate                       -75.45 USD
  Expenses:Food:Groceries                           75.45 USD

2019-08-23 * "Chichipotle" "Eating out with Joe"
  Liabilities:US:Chase:Slate                       -25.10 USD
  Expenses:Food:Restaurant                          25.10 USD

2019-08-26 * "Goba Goba" "Eating out after work"
  Liabilities:US:Chase:Slate                       -35.76 USD
  Expenses:Food:Restaurant                          35.76 USD

2019-08-28 * "Farmer Fresh" "Buying groceries"
  Liabilities:US:Chase:Slate                       -67.91 USD
  Expenses:Food:Groceries                           67.91 USD

2019-08-31 * "Kin Soy" "Eating out with Bill"
  Liabilities:US:Chase:Slate                       -19.20 USD
  Expenses:Food:Restaurant                          19.20 USD

2019-08-31 * "Metro Transport Authority" "Tram tickets"
  Liabilities:US:Chase:Slate                      -120.00 USD
  Expenses:Transport:Tram                          120.00 USD

2019-09-05 balance Liabilities:US:Chase:Slate     -456.90 USD

2019-09-05 * "Chichipotle" "Eating out with Bill"
  Liabilities:US:Chase:Slate                       -18.66 USD
  Expenses:Food:Restaurant                          18.66 USD

2019-09-06 * "Farmer Fresh" "Buying groceries"
  Liabilities:US:Chase:Slate                       -70.59 USD
  Expenses:Food:Groceries                           70.59 USD

2019-09-07 * "Chichipotle" "Eating out with Natasha"
  Liabilities:US:Chase:Slate                       -33.38 USD
  Expenses:Food:Restaurant                          33.38 USD

2019-09-08 * "Chase:Slate" "Paying off credit card"
  Liabilities:US:Chase:Slate                       594.90 USD
  Assets:US:BofA:Checking                         -594.90 USD

2019-09-12 * "Uncle Boons" "Eating out after work"
  Liabilities:US:Chase:Slate                       -15.37 USD
  Expenses:Food:Restaurant                          15.37 USD

2019-09-14 * "Chichipotle" "Eating out with Bill"
  Liabilities:US:Chase:Slate                       -42.09 USD
  Expenses:Food:Restaurant                          42.09 USD

2019-09-17 * "China Garden" "Eating out with work buddies"
  Liabilities:US:Chase:Slate                       -67.78 USD
  Expenses:Food:Restaurant                          67.78 USD

2019-09-18 * "Good Moods Market" "Buying groceries"
  Liabilities:US:Chase:Slate                       -55.62 USD
  Expenses:Food:Groceries                           55.62 USD

2019-09-20 * "Rose Flower" "Eating out with Bill"
  Liabilities:US:Chase:Slate                       -38.66 USD
  Expenses:Food:Restaurant                          38.66 USD

2019-09-25 * "Jewel of Morroco" "Eating out with Joe"
  Liabilities:US:Chase:Slate                       -32.09 USD
  Expenses:Food:Restaurant                          32.09 USD

2019-09-27 balance Liabilities:US:Chase:Slate     -236.24 USD

2019-09-28 * "China Garden" "Eating out with Joe"
  Liabilities:US:Chase:Slate                       -37.09 USD
  Expenses:Food:Restaurant                          37.09 USD

2019-09-28 * "Metro Transport Authority" "Tram tickets"
  Liabilities:US:Chase:Slate                      -120.00 USD
  Expenses:Transport:Tram                          120.00 USD

2019-09-30 * "Farmer Fresh" "Buying groceries"
  Liabilities:US:Chase:Slate                       -68.67 USD
  Expenses:Food:Groceries                           68.67 USD

2019-10-03 * "Kin Soy" "Eating out with work buddies"
  Liabilities:US:Chase:Slate                       -27.03 USD
  Expenses:Food:Restaurant                          27.03 USD

2019-10-04 * "Cafe Modagor" "Eating out with Natasha"
  Liabilities:US:Chase:Slate                       -49.97 USD
  Expenses:Food:Restaurant                          49.97 USD

2019-10-05 event "location" "Boston"

2019-10-06 * "Legal Seafood" "" #trip-boston-2019
  Liabilities:US:Chase:Slate                       -30.39 USD
  Expenses:Food:Restaurant                          30.39 USD

2019-10-07 * "Giacomo's Restaurant" "" #trip-boston-2019
  Liabilities:US:Chase:Slate                       -35.28 USD
  Expenses:Food:Restaurant                          35.28 USD

2019-10-07 * "Legal Seafood" "" #trip-boston-2019
  Liabilities:US:Chase:Slate                       -41.84 USD
  Expenses:Food:Restaurant                          41.84 USD

2019-10-07 * "Franklin Cafe" "" #trip-boston-2019
  Liabilities:US:Chase:Slate                       -23.51 USD
  Expenses:Food:Restaurant                          23.51 USD

2019-10-08 * "Giacomo's Restaurant" "" #trip-boston-2019
  Liabilities:US:Chase:Slate                       -43.89 USD
  Expenses:Food:Restaurant                          43.89 USD

2019-10-08 * "Starbucks" "" #trip-boston-2019
  Liabilities:US:Chase:Slate                        -6.37 USD
  Expenses:Food:Coffee                               6.37 USD

2019-10-09 * "Giacomo's Restaurant" "" #trip-boston-2019
  Liabilities:US:Chase:Slate                       -42.17 USD
  Expenses:Food:Restaurant                          42.17 USD

2019-10-09 * "Franklin Cafe" "" #trip-boston-2019
  Liabilities:US:Chase:Slate                       -33.93 USD
  Expenses:Food:Restaurant                          33.93 USD

2019-10-10 * "Giacomo's Restaurant" "" #trip-boston-2019
  Liabilities:US:Chase:Slate                       -42.71 USD
  Expenses:Food:Restaurant                          42.71 USD

2019-10-10 * "Chase:Slate" "Paying off credit card"
  Liabilities:US:Chase:Slate                       589.78 USD
  Assets:US:BofA:Checking                         -589.78 USD

2019-10-11 * "Starbucks" "" #trip-boston-2019
  Liabilities:US:Chase:Slate                        -6.07 USD
  Expenses:Food:Coffee                               6.07 USD

2019-10-12 * "Giacomo's Restaurant" "" #trip-boston-2019
  Liabilities:US:Chase:Slate                       -40.36 USD
  Expenses:Food:Restaurant                          40.36 USD

2019-10-12 * "Legal Seafood" "" #trip-boston-2019
  Liabilities:US:Chase:Slate                       -29.41 USD
  Expenses:Food:Restaurant                          29.41 USD

2019-10-13 * "Franklin Cafe" "" #trip-boston-2019
  Liabilities:US:Chase:Slate                       -31.95 USD
  Expenses:Food:Restaurant                          31.95 USD

2019-10-13 * "Starbucks" "" #trip-boston-2019
  Liabilities:US:Chase:Slate                        -5.66 USD
  Expenses:Food:Coffee                               5.66 USD

2019-10-15 * "Giacomo's Restaurant" "" #trip-boston-2019
  Liabilities:US:Chase:Slate                       -36.57 USD
  Expenses:Food:Restaurant                          36.57 USD

2019-10-16 * "Legal Seafood" "" #trip-boston-2019
  Liabilities:US:Chase:Slate                       -32.13 USD
  Expenses:Food:Restaurant                          32.13 USD

2019-10-16 * "Franklin Cafe" "" #trip-boston-2019
  Liabilities:US:Chase:Slate                       -30.83 USD
  Expenses:Food:Restaurant                          30.83 USD

2019-10-16 * "Starbucks" "" #trip-boston-2019
  Liabilities:US:Chase:Slate                        -5.93 USD
  Expenses:Food:Coffee                               5.93 USD

2019-10-17 * "Franklin Cafe" "" #trip-boston-2019
  Liabilities:US:Chase:Slate                       -34.30 USD
  Expenses:Food:Restaurant                          34.30 USD

2019-10-17 * "Consume vacation days"
  Assets:US:Hoogle:Vacation                           -96 VACHR
  Expenses:Vacation                                    96 VACHR

2019-10-17 event "location" "New Metropolis"

2019-10-19 * "Rose Flower" "Eating out with Julie"
  Liabilities:US:Chase:Slate                       -50.78 USD
  Expenses:Food:Restaurant                          50.78 USD

2019-10-22 * "Corner Deli" "Buying groceries"
  Liabilities:US:Chase:Slate                       -89.80 USD
  Expenses:Food:Groceries                           89.80 USD

2019-10-24 * "China Garden" "Eating out with Natasha"
  Liabilities:US:Chase:Slate                       -31.77 USD
  Expenses:Food:Restaurant                          31.77 USD

2019-10-25 balance Liabilities:US:Chase:Slate     -674.87 USD

2019-10-25 * "Metro Transport Authority" "Tram tickets"
  Liabilities:US:Chase:Slate                      -120.00 USD
  Expenses:Transport:Tram                          120.00 USD

2019-10-29 * "Chichipotle" "Eating out with Joe"
  Liabilities:US:Chase:Slate                       -40.73 USD
  Expenses:Food:Restaurant                          40.73 USD

2019-10-31 * "Kin Soy" "Eating out after work"
  Liabilities:US:Chase:Slate                       -69.76 USD
  Expenses:Food:Restaurant                          69.76 USD

2019-10-31 * "Onion Market" "Buying groceries"
  Liabilities:US:Chase:Slate                      -111.65 USD
  Expenses:Food:Groceries                          111.65 USD

2019-11-05 * "Goba Goba" "Eating out with Bill"
  Liabilities:US:Chase:Slate                       -20.89 USD
  Expenses:Food:Restaurant                          20.89 USD

2019-11-09 * "Goba Goba" "Eating out with work buddies"
  Liabilities:US:Chase:Slate                       -18.11 USD
  Expenses:Food:Restaurant                          18.11 USD

2019-11-11 * "Chase:Slate" "Paying off credit card"
  Liabilities:US:Chase:Slate                       541.87 USD
  Assets:US:BofA:Checking                         -541.87 USD

2019-11-12 * "Rose Flower" "Eating out with Natasha"
  Liabilities:US:Chase:Slate                       -39.16 USD
  Expenses:Food:Restaurant                          39.16 USD

2019-11-15 * "Kin Soy" "Eating out after work"
  Liabilities:US:Chase:Slate                       -36.14 USD
  Expenses:Food:Restaurant                          36.14 USD

2019-11-16 balance Liabilities:US:Chase:Slate     -589.44 USD

2019-11-19 * "Good Moods Market" "Buying groceries"
  Liabilities:US:Chase:Slate                       -98.27 USD
  Expenses:Food:Groceries                           98.27 USD

2019-11-20 * "Kin Soy" "Eating out alone"
  Liabilities:US:Chase:Slate                       -46.62 USD
  Expenses:Food:Restaurant                          46.62 USD

2019-11-24 * "Cafe Modagor" "Eating out with Bill"
  Liabilities:US:Chase:Slate                       -61.85 USD
  Expenses:Food:Restaurant                          61.85 USD

2019-11-25 * "Cafe Modagor" "Eating out "
  Liabilities:US:Chase:Slate                       -39.89 USD
  Expenses:Food:Restaurant                          39.89 USD

2019-11-26 * "Metro Transport Authority" "Tram tickets"
  Liabilities:US:Chase:Slate                      -120.00 USD
  Expenses:Transport:Tram                          120.00 USD

2019-11-28 * "Goba Goba" "Eating out with work buddies"
  Liabilities:US:Chase:Slate                       -26.51 USD
  Expenses:Food:Restaurant                          26.51 USD

2019-11-30 * "Jewel of Morroco" "Eating out after work"
  Liabilities:US:Chase:Slate                       -20.16 USD
  Expenses:Food:Restaurant                          20.16 USD

2019-11-30 * "Onion Market" "Buying groceries"
  Liabilities:US:Chase:Slate                       -77.61 USD
  Expenses:Food:Groceries                           77.61 USD

2019-12-02 * "Cafe Modagor" "Eating out "
  Liabilities:US:Chase:Slate                       -34.37 USD
  Expenses:Food:Restaurant                          34.37 USD

2019-12-06 * "Uncle Boons" "Eating out with work buddies"
  Liabilities:US:Chase:Slate                       -32.32 USD
  Expenses:Food:Restaurant                          32.32 USD

2019-12-08 * "Cafe Modagor" "Eating out with Julie"
  Liabilities:US:Chase:Slate                       -36.14 USD
  Expenses:Food:Restaurant                          36.14 USD

2019-12-09 balance Liabilities:US:Chase:Slate    -1183.18 USD

2019-12-10 * "Chase:Slate" "Paying off credit card"
  Liabilities:US:Chase:Slate                       709.24 USD
  Assets:US:BofA:Checking                         -709.24 USD

2019-12-12 * "Onion Market" "Buying groceries"
  Liabilities:US:Chase:Slate                       -79.36 USD
  Expenses:Food:Groceries                           79.36 USD

2019-12-13 * "Goba Goba" "Eating out after work"
  Liabilities:US:Chase:Slate                       -27.28 USD
  Expenses:Food:Restaurant                          27.28 USD

2019-12-17 * "China Garden" "Eating out with Bill"
  Liabilities:US:Chase:Slate                       -49.72 USD
  Expenses:Food:Restaurant                          49.72 USD

2019-12-19 * "Onion Market" "Buying groceries"
  Liabilities:US:Chase:Slate                      -102.51 USD
  Expenses:Food:Groceries                          102.51 USD

2019-12-22 * "Chichipotle" "Eating out alone"
  Liabilities:US:Chase:Slate                       -57.52 USD
  Expenses:Food:Restaurant                          57.52 USD

2019-12-26 * "Onion Market" "Buying groceries"
  Liabilities:US:Chase:Slate                      -115.28 USD
  Expenses:Food:Groceries                          115.28 USD

2019-12-27 * "Rose Flower" "Eating out with Natasha"
  Liabilities:US:Chase:Slate                       -22.16 USD
  Expenses:Food:Restaurant                          22.16 USD

2019-12-27 * "Metro Transport Authority" "Tram tickets"
  Liabilities:US:Chase:Slate                      -120.00 USD
  Expenses:Transport:Tram                          120.00 USD

2019-12-30 * "China Garden" "Eating out with Natasha"
  Liabilities:US:Chase:Slate                       -35.36 USD
  Expenses:Food:Restaurant                          35.36 USD

2019-12-31 * "Corner Deli" "Buying groceries"
  Liabilities:US:Chase:Slate                      -152.14 USD
  Expenses:Food:Groceries                          152.14 USD

2020-01-03 balance Liabilities:US:Chase:Slate    -1235.27 USD

2020-01-03 * "Chichipotle" "Eating out with Bill"
  Liabilities:US:Chase:Slate                       -24.07 USD
  Expenses:Food:Restaurant                          24.07 USD

2020-01-07 * "Kin Soy" "Eating out with work buddies"
  Liabilities:US:Chase:Slate                       -20.21 USD
  Expenses:Food:Restaurant                          20.21 USD

2020-01-08 * "Chase:Slate" "Paying off credit card"
  Liabilities:US:Chase:Slate                       765.62 USD
  Assets:US:BofA:Checking                         -765.62 USD

2020-01-09 * "Rose Flower" "Eating out with work buddies"
  Liabilities:US:Chase:Slate                       -39.37 USD
  Expenses:Food:Restaurant                          39.37 USD

2020-01-10 * "Farmer Fresh" "Buying groceries"
  Liabilities:US:Chase:Slate                       -77.49 USD
  Expenses:Food:Groceries                           77.49 USD

2020-01-11 * "Cafe Modagor" "Eating out after work"
  Liabilities:US:Chase:Slate                       -52.76 USD
  Expenses:Food:Restaurant                          52.76 USD

2020-01-14 * "Jewel of Morroco" "Eating out with work buddies"
  Liabilities:US:Chase:Slate                       -33.97 USD
  Expenses:Food:Restaurant                          33.97 USD

2020-01-17 * "Chichipotle" "Eating out with Natasha"
  Liabilities:US:Chase:Slate                       -41.40 USD
  Expenses:Food:Restaurant                          41.40 USD

2020-01-22 * "China Garden" "Eating out with Bill"
  Liabilities:US:Chase:Slate                       -38.99 USD
  Expenses:Food:Restaurant                          38.99 USD

2020-01-24 * "Corner Deli" "Buying groceries"
  Liabilities:US:Chase:Slate                       -92.88 USD
  Expenses:Food:Groceries                           92.88 USD

2020-01-25 * "Jewel of Morroco" "Eating out "
  Liabilities:US:Chase:Slate                       -13.84 USD
  Expenses:Food:Restaurant                          13.84 USD

2020-01-26 * "Uncle Boons" "Eating out with Bill"
  Liabilities:US:Chase:Slate                       -41.31 USD
  Expenses:Food:Restaurant                          41.31 USD

2020-01-28 * "Metro Transport Authority" "Tram tickets"
  Liabilities:US:Chase:Slate                      -120.00 USD
  Expenses:Transport:Tram                          120.00 USD

2020-01-29 balance Liabilities:US:Chase:Slate    -1065.94 USD

2020-01-31 * "Uncle Boons" "Eating out with Bill"
  Liabilities:US:Chase:Slate                       -33.75 USD
  Expenses:Food:Restaurant                          33.75 USD

2020-02-01 * "Chichipotle" "Eating out after work"
  Liabilities:US:Chase:Slate                       -51.18 USD
  Expenses:Food:Restaurant                          51.18 USD

2020-02-05 * "Goba Goba" "Eating out with Natasha"
  Liabilities:US:Chase:Slate                       -55.25 USD
  Expenses:Food:Restaurant                          55.25 USD

2020-02-07 * "Cafe Modagor" "Eating out with work buddies"
  Liabilities:US:Chase:Slate                       -16.38 USD
  Expenses:Food:Restaurant                          16.38 USD

2020-02-07 * "Chase:Slate" "Paying off credit card"
  Liabilities:US:Chase:Slate                       669.20 USD
  Assets:US:BofA:Checking                         -669.20 USD

2020-02-08 * "Corner Deli" "Buying groceries"
  Liabilities:US:Chase:Slate                       -85.77 USD
  Expenses:Food:Groceries                           85.77 USD

2020-02-12 * "Kin Soy" "Eating out with work buddies"
  Liabilities:US:Chase:Slate                       -57.08 USD
  Expenses:Food:Restaurant                          57.08 USD

2020-02-15 * "Kin Soy" "Eating out after work"
  Liabilities:US:Chase:Slate                       -37.89 USD
  Expenses:Food:Restaurant                          37.89 USD

2020-02-19 * "Kin Soy" "Eating out with Julie"
  Liabilities:US:Chase:Slate                       -26.33 USD
  Expenses:Food:Restaurant                          26.33 USD

2020-02-19 * "Farmer Fresh" "Buying groceries"
  Liabilities:US:Chase:Slate                      -135.78 USD
  Expenses:Food:Groceries                          135.78 USD

2020-02-21 * "Jewel of Morroco" "Eating out alone"
  Liabilities:US:Chase:Slate                       -33.57 USD
  Expenses:Food:Restaurant                          33.57 USD

2020-02-23 balance Liabilities:US:Chase:Slate     -929.72 USD

2020-02-24 * "Chichipotle" "Eating out with Natasha"
  Liabilities:US:Chase:Slate                       -59.69 USD
  Expenses:Food:Restaurant                          59.69 USD

2020-02-24 * "Metro Transport Authority" "Tram tickets"
  Liabilities:US:Chase:Slate                      -120.00 USD
  Expenses:Transport:Tram                          120.00 USD

2020-02-26 * "Good Moods Market" "Buying groceries"
  Liabilities:US:Chase:Slate                       -81.28 USD
  Expenses:Food:Groceries                           81.28 USD

2020-02-29 * "Jewel of Morroco" "Eating out with Bill"
  Liabilities:US:Chase:Slate                       -48.28 USD
  Expenses:Food:Restaurant                          48.28 USD

2020-03-02 * "Uncle Boons" "Eating out with work buddies"
  Liabilities:US:Chase:Slate                       -48.70 USD
  Expenses:Food:Restaurant                          48.70 USD

2020-03-03 * "Goba Goba" "Eating out with Julie"
  Liabilities:US:Chase:Slate                       -28.27 USD
  Expenses:Food:Restaurant                          28.27 USD

2020-03-07 * "Rose Flower" "Eating out with Joe"
  Liabilities:US:Chase:Slate                       -21.60 USD
  Expenses:Food:Restaurant                          21.60 USD

2020-03-09 * "Chichipotle" "Eating out with Julie"
  Liabilities:US:Chase:Slate                       -20.97 USD
  Expenses:Food:Restaurant                          20.97 USD

2020-03-09 * "Corner Deli" "Buying groceries"
  Liabilities:US:Chase:Slate                       -94.09 USD
  Expenses:Food:Groceries                           94.09 USD

2020-03-10 * "China Garden" "Eating out with work buddies"
  Liabilities:US:Chase:Slate                       -11.25 USD
  Expenses:Food:Restaurant                          11.25 USD

2020-03-11 * "Chase:Slate" "Paying off credit card"
  Liabilities:US:Chase:Slate                       947.41 USD
  Assets:US:BofA:Checking                         -947.41 USD

2020-03-13 * "Chichipotle" "Eating out "
  Liabilities:US:Chase:Slate                       -36.86 USD
  Expenses:Food:Restaurant                          36.86 USD

2020-03-18 * "China Garden" "Eating out with Joe"
  Liabilities:US:Chase:Slate                       -41.47 USD
  Expenses:Food:Restaurant                          41.47 USD

2020-03-19 balance Liabilities:US:Chase:Slate     -594.77 USD

2020-03-19 * "China Garden" "Eating out after work"
  Liabilities:US:Chase:Slate                       -45.66 USD
  Expenses:Food:Restaurant                          45.66 USD

2020-03-20 * "China Garden" "Eating out with Bill"
  Liabilities:US:Chase:Slate                       -32.27 USD
  Expenses:Food:Restaurant                          32.27 USD

2020-03-24 * "Uncle Boons" "Eating out with Joe"
  Liabilities:US:Chase:Slate                       -22.99 USD
  Expenses:Food:Restaurant                          22.99 USD

2020-03-25 * "Farmer Fresh" "Buying groceries"
  Liabilities:US:Chase:Slate                      -102.73 USD
  Expenses:Food:Groceries                          102.73 USD

2020-03-25 * "Metro Transport Authority" "Tram tickets"
  Liabilities:US:Chase:Slate                      -120.00 USD
  Expenses:Transport:Tram                          120.00 USD

2020-03-26 * "Kin Soy" "Eating out after work"
  Liabilities:US:Chase:Slate                       -28.25 USD
  Expenses:Food:Restaurant                          28.25 USD

2020-03-30 * "Onion Market" "Buying groceries"
  Liabilities:US:Chase:Slate                       -65.06 USD
  Expenses:Food:Groceries                           65.06 USD

2020-03-31 * "Cafe Modagor" "Eating out "
  Liabilities:US:Chase:Slate                       -40.54 USD
  Expenses:Food:Restaurant                          40.54 USD

2020-04-04 * "Chichipotle" "Eating out with Natasha"
  Liabilities:US:Chase:Slate                       -26.68 USD
  Expenses:Food:Restaurant                          26.68 USD

2020-04-05 * "Jewel of Morroco" "Eating out with Bill"
  Liabilities:US:Chase:Slate                       -64.68 USD
  Expenses:Food:Restaurant                          64.68 USD

2020-04-06 * "Uncle Boons" "Eating out with Joe"
  Liabilities:US:Chase:Slate                       -29.95 USD
  Expenses:Food:Restaurant                          29.95 USD

2020-04-07 * "Good Moods Market" "Buying groceries"
  Liabilities:US:Chase:Slate                       -86.26 USD
  Expenses:Food:Groceries                           86.26 USD

2020-04-10 * "Chase:Slate" "Paying off credit card"
  Liabilities:US:Chase:Slate                       733.95 USD
  Assets:US:BofA:Checking                         -733.95 USD

2020-04-11 * "Kin Soy" "Eating out after work"
  Liabilities:US:Chase:Slate                       -27.41 USD
  Expenses:Food:Restaurant                          27.41 USD

2020-04-15 * "Kin Soy" "Eating out with Bill"
  Liabilities:US:Chase:Slate                       -37.83 USD
  Expenses:Food:Restaurant                          37.83 USD

2020-04-17 * "Kin Soy" "Eating out after work"
  Liabilities:US:Chase:Slate                       -86.84 USD
  Expenses:Food:Restaurant                          86.84 USD

2020-04-17 * "Farmer Fresh" "Buying groceries"
  Liabilities:US:Chase:Slate                       -74.03 USD
  Expenses:Food:Groceries                           74.03 USD

2020-04-18 balance Liabilities:US:Chase:Slate     -752.00 USD

2020-04-20 * "Goba Goba" "Eating out with Julie"
  Liabilities:US:Chase:Slate                       -23.38 USD
  Expenses:Food:Restaurant                          23.38 USD

2020-04-21 * "Rose Flower" "Eating out with work buddies"
  Liabilities:US:Chase:Slate                       -18.44 USD
  Expenses:Food:Restaurant                          18.44 USD

2020-04-23 * "Onion Market" "Buying groceries"
  Liabilities:US:Chase:Slate                       -77.98 USD
  Expenses:Food:Groceries                           77.98 USD

2020-04-23 * "Metro Transport Authority" "Tram tickets"
  Liabilities:US:Chase:Slate                      -120.00 USD
  Expenses:Transport:Tram                          120.00 USD

2020-04-25 * "Goba Goba" "Eating out with Natasha"
  Liabilities:US:Chase:Slate                       -19.98 USD
  Expenses:Food:Restaurant                          19.98 USD

2020-04-28 * "Kin Soy" "Eating out "
  Liabilities:US:Chase:Slate                       -30.06 USD
  Expenses:Food:Restaurant                          30.06 USD

2020-04-29 * "Goba Goba" "Eating out with Bill"
  Liabilities:US:Chase:Slate                       -18.89 USD
  Expenses:Food:Restaurant                          18.89 USD

2020-05-04 * "Kin Soy" "Eating out with Bill"
  Liabilities:US:Chase:Slate                       -31.06 USD
  Expenses:Food:Restaurant                          31.06 USD

2020-05-08 * "China Garden" "Eating out alone"
  Liabilities:US:Chase:Slate                       -51.08 USD
  Expenses:Food:Restaurant                          51.08 USD

2020-05-08 * "Good Moods Market" "Buying groceries"
  Liabilities:US:Chase:Slate                       -62.88 USD
  Expenses:Food:Groceries                           62.88 USD

2020-05-10 * "Chase:Slate" "Paying off credit card"
  Liabilities:US:Chase:Slate                       690.03 USD
  Assets:US:BofA:Checking                         -690.03 USD

2020-05-12 balance Liabilities:US:Chase:Slate     -515.72 USD

2020-05-12 * "Jewel of Morroco" "Eating out "
  Liabilities:US:Chase:Slate                       -37.58 USD
  Expenses:Food:Restaurant                          37.58 USD

2020-05-14 * "Cafe Modagor" "Eating out after work"
  Liabilities:US:Chase:Slate                       -25.65 USD
  Expenses:Food:Restaurant                          25.65 USD

2020-05-15 * "Chichipotle" "Eating out with Bill"
  Liabilities:US:Chase:Slate                       -29.89 USD
  Expenses:Food:Restaurant                          29.89 USD

2020-05-18 * "Uncle Boons" "Eating out after work"
  Liabilities:US:Chase:Slate                       -41.59 USD
  Expenses:Food:Restaurant                          41.59 USD

2020-05-20 * "Rose Flower" "Eating out alone"
  Liabilities:US:Chase:Slate                       -26.28 USD
  Expenses:Food:Restaurant                          26.28 USD

2020-05-20 * "Metro Transport Authority" "Tram tickets"
  Liabilities:US:Chase:Slate                      -120.00 USD
  Expenses:Transport:Tram                          120.00 USD

2020-05-22 * "Cafe Modagor" "Eating out "
  Liabilities:US:Chase:Slate                       -41.02 USD
  Expenses:Food:Restaurant                          41.02 USD

2020-05-24 * "Good Moods Market" "Buying groceries"
  Liabilities:US:Chase:Slate                       -64.94 USD
  Expenses:Food:Groceries                           64.94 USD

2020-05-25 * "Cafe Modagor" "Eating out with work buddies"
  Liabilities:US:Chase:Slate                       -26.79 USD
  Expenses:Food:Restaurant                          26.79 USD

2020-05-26 * "Rose Flower" "Eating out alone"
  Liabilities:US:Chase:Slate                       -33.00 USD
  Expenses:Food:Restaurant                          33.00 USD

2020-05-30 * "China Garden" "Eating out alone"
  Liabilities:US:Chase:Slate                       -22.72 USD
  Expenses:Food:Restaurant                          22.72 USD

2020-05-31 * "Rose Flower" "Eating out after work"
  Liabilities:US:Chase:Slate                       -52.28 USD
  Expenses:Food:Restaurant                          52.28 USD

2020-05-31 * "Good Moods Market" "Buying groceries"
  Liabilities:US:Chase:Slate                      -108.62 USD
  Expenses:Food:Groceries                          108.62 USD

2020-06-02 * "Jewel of Morroco" "Eating out with Joe"
  Liabilities:US:Chase:Slate                       -32.83 USD
  Expenses:Food:Restaurant                          32.83 USD

2020-06-03 * "China Garden" "Eating out with Bill"
  Liabilities:US:Chase:Slate                       -32.97 USD
  Expenses:Food:Restaurant                          32.97 USD

2020-06-06 * "Goba Goba" "Eating out with Bill"
  Liabilities:US:Chase:Slate                       -46.55 USD
  Expenses:Food:Restaurant                          46.55 USD

2020-06-08 balance Liabilities:US:Chase:Slate    -1258.43 USD

2020-06-09 * "Chase:Slate" "Paying off credit card"
  Liabilities:US:Chase:Slate                       762.37 USD
  Assets:US:BofA:Checking                         -762.37 USD

2020-06-11 * "Goba Goba" "Eating out with Natasha"
  Liabilities:US:Chase:Slate                       -57.24 USD
  Expenses:Food:Restaurant                          57.24 USD

2020-06-14 * "Rose Flower" "Eating out "
  Liabilities:US:Chase:Slate                       -17.60 USD
  Expenses:Food:Restaurant                          17.60 USD

2020-06-16 * "Goba Goba" "Eating out with Bill"
  Liabilities:US:Chase:Slate                       -13.21 USD
  Expenses:Food:Restaurant                          13.21 USD

2020-06-16 * "Metro Transport Authority" "Tram tickets"
  Liabilities:US:Chase:Slate                      -120.00 USD
  Expenses:Transport:Tram                          120.00 USD

2020-06-18 * "Chichipotle" "Eating out with work buddies"
  Liabilities:US:Chase:Slate                       -47.27 USD
  Expenses:Food:Restaurant                          47.27 USD

2020-06-20 * "Farmer Fresh" "Buying groceries"
  Liabilities:US:Chase:Slate                      -110.05 USD
  Expenses:Food:Groceries                          110.05 USD

2020-06-22 * "Goba Goba" "Eating out with Bill"
  Liabilities:US:Chase:Slate                       -28.52 USD
  Expenses:Food:Restaurant                          28.52 USD

2020-06-25 * "Rose Flower" "Eating out with Joe"
  Liabilities:US:Chase:Slate                       -14.26 USD
  Expenses:Food:Restaurant                          14.26 USD

2020-06-29 * "Goba Goba" "Eating out with Natasha"
  Liabilities:US:Chase:Slate                       -57.81 USD
  Expenses:Food:Restaurant                          57.81 USD

2020-06-30 * "Rose Flower" "Eating out "
  Liabilities:US:Chase:Slate                       -14.66 USD
  Expenses:Food:Restaurant                          14.66 USD

2020-07-01 balance Liabilities:US:Chase:Slate     -976.68 USD

2020-07-04 * "China Garden" "Eating out after work"
  Liabilities:US:Chase:Slate                       -25.66 USD
  Expenses:Food:Restaurant                          25.66 USD

2020-07-05 * "Jewel of Morroco" "Eating out alone"
  Liabilities:US:Chase:Slate                       -32.18 USD
  Expenses:Food:Restaurant                          32.18 USD

2020-07-09 * "Rose Flower" "Eating out with Joe"
  Liabilities:US:Chase:Slate                       -29.35 USD
  Expenses:Food:Restaurant                          29.35 USD

2020-07-10 * "Farmer Fresh" "Buying groceries"
  Liabilities:US:Chase:Slate                       -82.19 USD
  Expenses:Food:Groceries                           82.19 USD

2020-07-10 * "Chase:Slate" "Paying off credit card"
  Liabilities:US:Chase:Slate                       592.76 USD
  Assets:US:BofA:Checking                         -592.76 USD

2020-07-11 * "Rose Flower" "Eating out with Julie"
  Liabilities:US:Chase:Slate                       -18.97 USD
  Expenses:Food:Restaurant                          18.97 USD

2020-07-14 * "Kin Soy" "Eating out with Bill"
  Liabilities:US:Chase:Slate                       -21.20 USD
  Expenses:Food:Restaurant                          21.20 USD

2020-07-16 * "Chichipotle" "Eating out after work"
  Liabilities:US:Chase:Slate                       -37.60 USD
  Expenses:Food:Restaurant                          37.60 USD

2020-07-17 * "Kin Soy" "Eating out "
  Liabilities:US:Chase:Slate                       -22.58 USD
  Expenses:Food:Restaurant                          22.58 USD

2020-07-19 * "Metro Transport Authority" "Tram tickets"
  Liabilities:US:Chase:Slate                      -120.00 USD
  Expenses:Transport:Tram                          120.00 USD

2020-07-20 * "Chichipotle" "Eating out with Bill"
  Liabilities:US:Chase:Slate                       -41.73 USD
  Expenses:Food:Restaurant                          41.73 USD

2020-07-23 * "Onion Market" "Buying groceries"
  Liabilities:US:Chase:Slate                       -71.36 USD
  Expenses:Food:Groceries                           71.36 USD

2020-07-24 * "China Garden" "Eating out with Julie"
  Liabilities:US:Chase:Slate                       -26.62 USD
  Expenses:Food:Restaurant                          26.62 USD

2020-07-26 * "Jewel of Morroco" "Eating out with Natasha"
  Liabilities:US:Chase:Slate                       -21.92 USD
  Expenses:Food:Restaurant                          21.92 USD

2020-07-27 balance Liabilities:US:Chase:Slate     -935.28 USD

2020-07-28 * "Uncle Boons" "Eating out with Julie"
  Liabilities:US:Chase:Slate                       -36.13 USD
  Expenses:Food:Restaurant                          36.13 USD

2020-07-31 * "Chichipotle" "Eating out with Bill"
  Liabilities:US:Chase:Slate                       -26.41 USD
  Expenses:Food:Restaurant                          26.41 USD

2020-08-03 * "Kin Soy" "Eating out alone"
  Liabilities:US:Chase:Slate                       -31.82 USD
  Expenses:Food:Restaurant                          31.82 USD

2020-08-04 * "Chichipotle" "Eating out "
  Liabilities:US:Chase:Slate                       -50.70 USD
  Expenses:Food:Restaurant                          50.70 USD

2020-08-06 * "Uncle Boons" "Eating out with Joe"
  Liabilities:US:Chase:Slate                       -22.51 USD
  Expenses:Food:Restaurant                          22.51 USD

2020-08-07 * "Chase:Slate" "Paying off credit card"
  Liabilities:US:Chase:Slate                       568.58 USD
  Assets:US:BofA:Checking                         -568.58 USD

2020-08-10 * "Kin Soy" "Eating out "
  Liabilities:US:Chase:Slate                       -19.03 USD
  Expenses:Food:Restaurant                          19.03 USD

2020-08-10 * "Corner Deli" "Buying groceries"
  Liabilities:US:Chase:Slate                       -63.68 USD
  Expenses:Food:Groceries                           63.68 USD

2020-08-14 * "Rose Flower" "Eating out with Natasha"
  Liabilities:US:Chase:Slate                       -32.91 USD
  Expenses:Food:Restaurant                          32.91 USD

2020-08-18 * "China Garden" "Eating out with Natasha"
  Liabilities:US:Chase:Slate                       -19.50 USD
  Expenses:Food:Restaurant                          19.50 USD

2020-08-18 * "Metro Transport Authority" "Tram tickets"
  Liabilities:US:Chase:Slate                      -120.00 USD
  Expenses:Transport:Tram                          120.00 USD

2020-08-20 * "Uncle Boons" "Eating out "
  Liabilities:US:Chase:Slate                       -10.98 USD
  Expenses:Food:Restaurant                          10.98 USD

2020-08-22 balance Liabilities:US:Chase:Slate     -800.37 USD

2020-08-23 * "Cafe Modagor" "Eating out "
  Liabilities:US:Chase:Slate                       -16.57 USD
  Expenses:Food:Restaurant                          16.57 USD

2020-08-27 * "Cafe Modagor" "Eating out with Julie"
  Liabilities:US:Chase:Slate                       -20.01 USD
  Expenses:Food:Restaurant                          20.01 USD

2020-08-27 * "Farmer Fresh" "Buying groceries"
  Liabilities:US:Chase:Slate                       -80.90 USD
  Expenses:Food:Groceries                           80.90 USD

2020-09-01 * "Chichipotle" "Eating out with Julie"
  Liabilities:US:Chase:Slate                       -18.96 USD
  Expenses:Food:Restaurant                          18.96 USD

2020-09-04 * "Goba Goba" "Eating out "
  Liabilities:US:Chase:Slate                       -27.43 USD
  Expenses:Food:Restaurant                          27.43 USD

2020-09-06 * "China Garden" "Eating out "
  Liabilities:US:Chase:Slate                       -36.41 USD
  Expenses:Food:Restaurant                          36.41 USD

2020-09-08 * "Jewel of Morroco" "Eating out after work"
  Liabilities:US:Chase:Slate                       -86.59 USD
  Expenses:Food:Restaurant                          86.59 USD

2020-09-08 * "Chase:Slate" "Paying off credit card"
  Liabilities:US:Chase:Slate                       533.94 USD
  Assets:US:BofA:Checking                         -533.94 USD

2020-09-09 * "Corner Deli" "Buying groceries"
  Liabilities:US:Chase:Slate                       -87.06 USD
  Expenses:Food:Groceries                           87.06 USD

2020-09-10 * "China Garden" "Eating out with Joe"
  Liabilities:US:Chase:Slate                       -46.17 USD
  Expenses:Food:Restaurant                          46.17 USD

2020-09-11 * "Uncle Boons" "Eating out with Bill"
  Liabilities:US:Chase:Slate                       -28.39 USD
  Expenses:Food:Restaurant                          28.39 USD

2020-09-14 * "Jewel of Morroco" "Eating out with Julie"
  Liabilities:US:Chase:Slate                       -19.07 USD
  Expenses:Food:Restaurant                          19.07 USD

2020-09-15 * "Metro Transport Authority" "Tram tickets"
  Liabilities:US:Chase:Slate                      -120.00 USD
  Expenses:Transport:Tram                          120.00 USD

2020-09-16 balance Liabilities:US:Chase:Slate     -853.99 USD

2020-09-16 * "Goba Goba" "Eating out after work"
  Liabilities:US:Chase:Slate                       -42.65 USD
  Expenses:Food:Restaurant                          42.65 USD

2020-09-17 * "Kin Soy" "Eating out with Joe"
  Liabilities:US:Chase:Slate                       -35.03 USD
  Expenses:Food:Restaurant                          35.03 USD

2020-09-20 * "Uncle Boons" "Eating out "
  Liabilities:US:Chase:Slate                       -34.52 USD
  Expenses:Food:Restaurant                          34.52 USD

2020-09-22 * "Kin Soy" "Eating out with Joe"
  Liabilities:US:Chase:Slate                       -55.09 USD
  Expenses:Food:Restaurant                          55.09 USD

2020-09-26 * "Kin Soy" "Eating out with work buddies"
  Liabilities:US:Chase:Slate                       -17.59 USD
  Expenses:Food:Restaurant                          17.59 USD

2020-09-28 * "Corner Deli" "Buying groceries"
  Liabilities:US:Chase:Slate                       -70.42 USD
  Expenses:Food:Groceries                           70.42 USD

2020-09-30 * "China Garden" "Eating out "
  Liabilities:US:Chase:Slate                       -19.14 USD
  Expenses:Food:Restaurant                          19.14 USD

2020-10-04 * "Uncle Boons" "Eating out with work buddies"
  Liabilities:US:Chase:Slate                       -21.58 USD
  Expenses:Food:Restaurant                          21.58 USD

2020-10-04 * "Good Moods Market" "Buying groceries"
  Liabilities:US:Chase:Slate                       -48.14 USD
  Expenses:Food:Groceries                           48.14 USD

2020-10-07 balance Liabilities:US:Chase:Slate    -1198.15 USD

2020-10-08 * "Uncle Boons" "Eating out with work buddies"
  Liabilities:US:Chase:Slate                       -37.73 USD
  Expenses:Food:Restaurant                          37.73 USD

2020-10-09 * "Chase:Slate" "Paying off credit card"
  Liabilities:US:Chase:Slate                       701.88 USD
  Assets:US:BofA:Checking                         -701.88 USD

2020-10-10 * "Chichipotle" "Eating out with Bill"
  Liabilities:US:Chase:Slate                       -19.30 USD
  Expenses:Food:Restaurant                          19.30 USD

2020-10-12 * "Chichipotle" "Eating out alone"
  Liabilities:US:Chase:Slate                       -47.32 USD
  Expenses:Food:Restaurant                          47.32 USD

2020-10-13 * "Metro Transport Authority" "Tram tickets"
  Liabilities:US:Chase:Slate                      -120.00 USD
  Expenses:Transport:Tram                          120.00 USD

2020-10-16 * "Rose Flower" "Eating out with Natasha"
  Liabilities:US:Chase:Slate                       -26.86 USD
  Expenses:Food:Restaurant                          26.86 USD

2020-10-21 * "Cafe Modagor" "Eating out with work buddies"
  Liabilities:US:Chase:Slate                       -17.88 USD
  Expenses:Food:Restaurant                          17.88 USD

2020-10-22 * "Cafe Modagor" "Eating out after work"
  Liabilities:US:Chase:Slate                       -19.13 USD
  Expenses:Food:Restaurant                          19.13 USD

2020-10-24 * "Farmer Fresh" "Buying groceries"
  Liabilities:US:Chase:Slate                      -104.76 USD
  Expenses:Food:Groceries                          104.76 USD

2020-10-25 * "Goba Goba" "Eating out with Bill"
  Liabilities:US:Chase:Slate                       -45.06 USD
  Expenses:Food:Restaurant                          45.06 USD

2020-10-27 * "Chichipotle" "Eating out with Julie"
  Liabilities:US:Chase:Slate                       -29.31 USD
  Expenses:Food:Restaurant                          29.31 USD

2020-10-29 * "Kin Soy" "Eating out alone"
  Liabilities:US:Chase:Slate                       -26.61 USD
  Expenses:Food:Restaurant                          26.61 USD

2020-10-30 balance Liabilities:US:Chase:Slate     -990.23 USD

2020-11-01 * "Good Moods Market" "Buying groceries"
  Liabilities:US:Chase:Slate                       -78.11 USD
  Expenses:Food:Groceries                           78.11 USD

2020-11-02 * "Jewel of Morroco" "Eating out "
  Liabilities:US:Chase:Slate                       -14.37 USD
  Expenses:Food:Restaurant                          14.37 USD

2020-11-04 * "China Garden" "Eating out with Bill"
  Liabilities:US:Chase:Slate                       -31.77 USD
  Expenses:Food:Restaurant                          31.77 USD

2020-11-05 * "Rose Flower" "Eating out "
  Liabilities:US:Chase:Slate                       -36.52 USD
  Expenses:Food:Restaurant                          36.52 USD

2020-11-06 event "location" "Los Angeles"

2020-11-07 * "Banana Leaf" "" #trip-los-angeles-2020
  Liabilities:US:Chase:Slate                       -23.00 USD
  Expenses:Food:Restaurant                          23.00 USD

2020-11-07 * "Pampas Grill" "" #trip-los-angeles-2020
  Liabilities:US:Chase:Slate                       -23.59 USD
  Expenses:Food:Restaurant                          23.59 USD

2020-11-07 * "Chipotle" "" #trip-los-angeles-2020
  Liabilities:US:Chase:Slate                       -14.04 USD
  Expenses:Food:Restaurant                          14.04 USD

2020-11-07 * "Starbucks" "" #trip-los-angeles-2020
  Liabilities:US:Chase:Slate                        -6.04 USD
  Expenses:Food:Coffee                               6.04 USD

2020-11-08 * "Mr. Marcel" "" #trip-los-angeles-2020
  Liabilities:US:Chase:Slate                       -35.62 USD
  Expenses:Food:Restaurant                          35.62 USD

2020-11-08 * "Chase:Slate" "Paying off credit card"
  Liabilities:US:Chase:Slate                       615.92 USD
  Assets:US:BofA:Checking                         -615.92 USD

2020-11-09 * "Mr. Marcel" "" #trip-los-angeles-2020
  Liabilities:US:Chase:Slate                       -30.83 USD
  Expenses:Food:Restaurant                          30.83 USD

2020-11-09 * "Banana Leaf" "" #trip-los-angeles-2020
  Liabilities:US:Chase:Slate                       -23.93 USD
  Expenses:Food:Restaurant                          23.93 USD

2020-11-09 * "Chipotle" "" #trip-los-angeles-2020
  Liabilities:US:Chase:Slate                       -15.91 USD
  Expenses:Food:Restaurant                          15.91 USD

2020-11-09 * "E.B.'s Beer and Wine" "" #trip-los-angeles-2020
  Liabilities:US:Chase:Slate                        -8.53 USD
  Expenses:Food:Alcohol                              8.53 USD

2020-11-10 * "Chipotle" "" #trip-los-angeles-2020
  Liabilities:US:Chase:Slate                       -17.94 USD
  Expenses:Food:Restaurant                          17.94 USD

2020-11-11 * "Banana Leaf" "" #trip-los-angeles-2020
  Liabilities:US:Chase:Slate                       -24.01 USD
  Expenses:Food:Restaurant                          24.01 USD

2020-11-11 * "Chipotle" "" #trip-los-angeles-2020
  Liabilities:US:Chase:Slate                       -17.31 USD
  Expenses:Food:Restaurant                          17.31 USD

2020-11-11 * "Starbucks" "" #trip-los-angeles-2020
  Liabilities:US:Chase:Slate                        -6.29 USD
  Expenses:Food:Coffee                               6.29 USD

2020-11-12 * "Mr. Marcel" "" #trip-los-angeles-2020
  Liabilities:US:Chase:Slate                       -43.10 USD
  Expenses:Food:Restaurant                          43.10 USD

2020-11-13 * "Mr. Marcel" "" #trip-los-angeles-2020
  Liabilities:US:Chase:Slate                       -30.50 USD
  Expenses:Food:Restaurant                          30.50 USD

2020-11-14 * "Mr. Marcel" "" #trip-los-angeles-2020
  Liabilities:US:Chase:Slate                       -39.03 USD
  Expenses:Food:Restaurant                          39.03 USD

2020-11-15 * "Mr. Marcel" "" #trip-los-angeles-2020
  Liabilities:US:Chase:Slate                       -34.17 USD
  Expenses:Food:Restaurant                          34.17 USD

2020-11-15 * "Banana Leaf" "" #trip-los-angeles-2020
  Liabilities:US:Chase:Slate                       -23.22 USD
  Expenses:Food:Restaurant                          23.22 USD

2020-11-15 * "Dupar's" "" #trip-los-angeles-2020
  Liabilities:US:Chase:Slate                       -26.97 USD
  Expenses:Food:Restaurant                          26.97 USD

2020-11-16 * "Mr. Marcel" "" #trip-los-angeles-2020
  Liabilities:US:Chase:Slate                       -38.21 USD
  Expenses:Food:Restaurant                          38.21 USD

2020-11-16 * "Pampas Grill" "" #trip-los-angeles-2020
  Liabilities:US:Chase:Slate                       -21.07 USD
  Expenses:Food:Restaurant                          21.07 USD

2020-11-18 * "Banana Leaf" "" #trip-los-angeles-2020
  Liabilities:US:Chase:Slate                       -25.14 USD
  Expenses:Food:Restaurant                          25.14 USD

2020-11-18 * "E.B.'s Beer and Wine" "" #trip-los-angeles-2020
  Liabilities:US:Chase:Slate                        -7.54 USD
  Expenses:Food:Alcohol                              7.54 USD

2020-11-19 * "Mr. Marcel" "" #trip-los-angeles-2020
  Liabilities:US:Chase:Slate                       -52.59 USD
  Expenses:Food:Restaurant                          52.59 USD

2020-11-19 * "Banana Leaf" "" #trip-los-angeles-2020
  Liabilities:US:Chase:Slate                       -31.77 USD
  Expenses:Food:Restaurant                          31.77 USD

2020-11-19 * "Chipotle" "" #trip-los-angeles-2020
  Liabilities:US:Chase:Slate                       -14.19 USD
  Expenses:Food:Restaurant                          14.19 USD

2020-11-20 balance Liabilities:US:Chase:Slate    -1169.62 USD

2020-11-20 * "Dupar's" "" #trip-los-angeles-2020
  Liabilities:US:Chase:Slate                       -37.71 USD
  Expenses:Food:Restaurant                          37.71 USD

2020-11-20 * "E.B.'s Beer and Wine" "" #trip-los-angeles-2020
  Liabilities:US:Chase:Slate                        -9.91 USD
  Expenses:Food:Alcohol                              9.91 USD

2020-11-21 * "Jewel of Morroco" "Eating out "
  Liabilities:US:Chase:Slate                       -18.22 USD
  Expenses:Food:Restaurant                          18.22 USD

2020-11-21 * "Pampas Grill" "" #trip-los-angeles-2020
  Liabilities:US:Chase:Slate                       -28.77 USD
  Expenses:Food:Restaurant                          28.77 USD

2020-11-21 * "Consume vacation days"
  Assets:US:Hoogle:Vacation                          -120 VACHR
  Expenses:Vacation                                   120 VACHR

2020-11-21 event "location" "New Metropolis"

2020-11-22 * "Corner Deli" "Buying groceries"
  Liabilities:US:Chase:Slate                      -106.13 USD
  Expenses:Food:Groceries                          106.13 USD

2020-11-25 * "Uncle Boons" "Eating out "
  Liabilities:US:Chase:Slate                       -62.37 USD
  Expenses:Food:Restaurant                          62.37 USD

2020-11-27 * "Jewel of Morroco" "Eating out alone"
  Liabilities:US:Chase:Slate                       -32.34 USD
  Expenses:Food:Restaurant                          32.34 USD

2020-11-29 * "Uncle Boons" "Eating out with work buddies"
  Liabilities:US:Chase:Slate                       -34.82 USD
  Expenses:Food:Restaurant                          34.82 USD

2020-12-02 * "Cafe Modagor" "Eating out with Joe"
  Liabilities:US:Chase:Slate                       -25.82 USD
  Expenses:Food:Restaurant                          25.82 USD

2020-12-06 * "Jewel of Morroco" "Eating out alone"
  Liabilities:US:Chase:Slate                       -30.20 USD
  Expenses:Food:Restaurant                          30.20 USD

2020-12-07 * "Chase:Slate" "Paying off credit card"
  Liabilities:US:Chase:Slate                       360.26 USD
  Assets:US:BofA:Checking                         -360.26 USD

2020-12-09 * "Corner Deli" "Buying groceries"
  Liabilities:US:Chase:Slate                       -68.58 USD
  Expenses:Food:Groceries                           68.58 USD

2020-12-09 * "Metro Transport Authority" "Tram tickets"
  Liabilities:US:Chase:Slate                      -120.00 USD
  Expenses:Transport:Tram                          120.00 USD

2020-12-10 * "Kin Soy" "Eating out with Bill"
  Liabilities:US:Chase:Slate                       -24.89 USD
  Expenses:Food:Restaurant                          24.89 USD

2020-12-12 balance Liabilities:US:Chase:Slate    -1409.12 USD

2020-12-15 * "Goba Goba" "Eating out with Joe"
  Liabilities:US:Chase:Slate                       -25.07 USD
  Expenses:Food:Restaurant                          25.07 USD

2020-12-16 * "Jewel of Morroco" "Eating out with work buddies"
  Liabilities:US:Chase:Slate                       -40.01 USD
  Expenses:Food:Restaurant                          40.01 USD

2020-12-18 * "Uncle Boons" "Eating out with work buddies"
  Liabilities:US:Chase:Slate                       -30.61 USD
  Expenses:Food:Restaurant                          30.61 USD

2020-12-18 * "Farmer Fresh" "Buying groceries"
  Liabilities:US:Chase:Slate                       -71.17 USD
  Expenses:Food:Groceries                           71.17 USD

2020-12-21 * "Chichipotle" "Eating out with work buddies"
  Liabilities:US:Chase:Slate                       -16.96 USD
  Expenses:Food:Restaurant                          16.96 USD

2020-12-22 * "Kin Soy" "Eating out with Joe"
  Liabilities:US:Chase:Slate                       -20.68 USD
  Expenses:Food:Restaurant                          20.68 USD

2020-12-24 * "Cafe Modagor" "Eating out "
  Liabilities:US:Chase:Slate                       -27.77 USD
  Expenses:Food:Restaurant                          27.77 USD

2020-12-25 * "Uncle Boons" "Eating out with Natasha"
  Liabilities:US:Chase:Slate                       -15.82 USD
  Expenses:Food:Restaurant                          15.82 USD

2020-12-26 * "Chichipotle" "Eating out with Julie"
  Liabilities:US:Chase:Slate                       -28.65 USD
  Expenses:Food:Restaurant                          28.65 USD

2020-12-31 * "Jewel of Morroco" "Eating out alone"
  Liabilities:US:Chase:Slate                       -41.86 USD
  Expenses:Food:Restaurant                          41.86 USD

2021-01-02 * "Cafe Modagor" "Eating out with Natasha"
  Liabilities:US:Chase:Slate                        -9.59 USD
  Expenses:Food:Restaurant                           9.59 USD

2021-01-03 * "Uncle Boons" "Eating out with Bill"
  Liabilities:US:Chase:Slate                       -31.90 USD
  Expenses:Food:Restaurant                          31.90 USD

2021-01-03 * "Farmer Fresh" "Buying groceries"
  Liabilities:US:Chase:Slate                       -81.12 USD
  Expenses:Food:Groceries                           81.12 USD

2021-01-05 balance Liabilities:US:Chase:Slate    -1850.33 USD

2021-01-08 * "Cafe Modagor" "Eating out after work"
  Liabilities:US:Chase:Slate                       -41.39 USD
  Expenses:Food:Restaurant                          41.39 USD

2021-01-10 * "Chase:Slate" "Paying off credit card"
  Liabilities:US:Chase:Slate                       747.49 USD
  Assets:US:BofA:Checking                         -747.49 USD

2021-01-11 * "Metro Transport Authority" "Tram tickets"
  Liabilities:US:Chase:Slate                      -120.00 USD
  Expenses:Transport:Tram                          120.00 USD

2021-01-12 * "Cafe Modagor" "Eating out "
  Liabilities:US:Chase:Slate                       -54.52 USD
  Expenses:Food:Restaurant                          54.52 USD

2021-01-17 * "Cafe Modagor" "Eating out with Julie"
  Liabilities:US:Chase:Slate                       -38.82 USD
  Expenses:Food:Restaurant                          38.82 USD

2021-01-20 * "Good Moods Market" "Buying groceries"
  Liabilities:US:Chase:Slate                       -81.22 USD
  Expenses:Food:Groceries                           81.22 USD

2021-01-21 * "Uncle Boons" "Eating out with Natasha"
  Liabilities:US:Chase:Slate                       -26.06 USD
  Expenses:Food:Restaurant                          26.06 USD

2021-01-24 * "Cafe Modagor" "Eating out with Natasha"
  Liabilities:US:Chase:Slate                       -37.62 USD
  Expenses:Food:Restaurant                          37.62 USD

2021-01-26 * "Uncle Boons" "Eating out with Natasha"
  Liabilities:US:Chase:Slate                       -78.74 USD
  Expenses:Food:Restaurant                          78.74 USD

2021-01-27 balance Liabilities:US:Chase:Slate    -1581.21 USD

2021-01-28 * "Uncle Boons" "Eating out after work"
  Liabilities:US:Chase:Slate                       -22.85 USD
  Expenses:Food:Restaurant                          22.85 USD

2021-02-01 * "Corner Deli" "Buying groceries"
  Liabilities:US:Chase:Slate                       -65.92 USD
  Expenses:Food:Groceries                           65.92 USD

2021-02-02 * "Uncle Boons" "Eating out with Joe"
  Liabilities:US:Chase:Slate                       -37.88 USD
  Expenses:Food:Restaurant                          37.88 USD

2021-02-06 * "China Garden" "Eating out alone"
  Liabilities:US:Chase:Slate                       -45.32 USD
  Expenses:Food:Restaurant                          45.32 USD

2021-02-08 * "Uncle Boons" "Eating out with Bill"
  Liabilities:US:Chase:Slate                       -23.89 USD
  Expenses:Food:Restaurant                          23.89 USD

2021-02-08 * "Metro Transport Authority" "Tram tickets"
  Liabilities:US:Chase:Slate                      -120.00 USD
  Expenses:Transport:Tram                          120.00 USD

2021-02-08 * "Chase:Slate" "Paying off credit card"
  Liabilities:US:Chase:Slate                       512.84 USD
  Assets:US:BofA:Checking                         -512.84 USD

2021-02-13 * "Chichipotle" "Eating out "
  Liabilities:US:Chase:Slate                       -33.78 USD
  Expenses:Food:Restaurant                          33.78 USD

2021-02-17 * "Rose Flower" "Eating out with work buddies"
  Liabilities:US:Chase:Slate                       -33.61 USD
  Expenses:Food:Restaurant                          33.61 USD

2021-02-18 * "Corner Deli" "Buying groceries"
  Liabilities:US:Chase:Slate                       -82.33 USD
  Expenses:Food:Groceries                           82.33 USD

2021-02-22 balance Liabilities:US:Chase:Slate    -1533.95 USD

2021-02-22 * "Uncle Boons" "Eating out after work"
  Liabilities:US:Chase:Slate                       -17.73 USD
  Expenses:Food:Restaurant                          17.73 USD

2021-02-26 * "Rose Flower" "Eating out with Natasha"
  Liabilities:US:Chase:Slate                       -29.26 USD
  Expenses:Food:Restaurant                          29.26 USD

2021-03-01 * "Uncle Boons" "Eating out with Bill"
  Liabilities:US:Chase:Slate                       -28.95 USD
  Expenses:Food:Restaurant                          28.95 USD

2021-03-03 * "Jewel of Morroco" "Eating out with Natasha"
  Liabilities:US:Chase:Slate                       -43.66 USD
  Expenses:Food:Restaurant                          43.66 USD

2021-03-06 * "Kin Soy" "Eating out after work"
  Liabilities:US:Chase:Slate                       -34.59 USD
  Expenses:Food:Restaurant                          34.59 USD

2021-03-06 * "Good Moods Market" "Buying groceries"
  Liabilities:US:Chase:Slate                       -73.52 USD
  Expenses:Food:Groceries                           73.52 USD

2021-03-09 * "Chase:Slate" "Paying off credit card"
  Liabilities:US:Chase:Slate                       549.09 USD
  Assets:US:BofA:Checking                         -549.09 USD

2021-03-11 * "Cafe Modagor" "Eating out with Natasha"
  Liabilities:US:Chase:Slate                       -51.66 USD
  Expenses:Food:Restaurant                          51.66 USD

2021-03-12 * "Farmer Fresh" "Buying groceries"
  Liabilities:US:Chase:Slate                       -86.42 USD
  Expenses:Food:Groceries                           86.42 USD

2021-03-13 * "Jewel of Morroco" "Eating out after work"
  Liabilities:US:Chase:Slate                       -21.88 USD
  Expenses:Food:Restaurant                          21.88 USD

2021-03-13 * "Metro Transport Authority" "Tram tickets"
  Liabilities:US:Chase:Slate                      -120.00 USD
  Expenses:Transport:Tram                          120.00 USD

2021-03-14 * "Kin Soy" "Eating out with work buddies"
  Liabilities:US:Chase:Slate                       -27.45 USD
  Expenses:Food:Restaurant                          27.45 USD

2021-03-15 * "Chichipotle" "Eating out with Bill"
  Liabilities:US:Chase:Slate                       -23.41 USD
  Expenses:Food:Restaurant                          23.41 USD

2021-03-19 balance Liabilities:US:Chase:Slate    -1543.39 USD

2021-03-19 * "Chichipotle" "Eating out "
  Liabilities:US:Chase:Slate                       -52.53 USD
  Expenses:Food:Restaurant                          52.53 USD

2021-03-22 * "Goba Goba" "Eating out alone"
  Liabilities:US:Chase:Slate                       -38.44 USD
  Expenses:Food:Restaurant                          38.44 USD

2021-03-25 * "Cafe Modagor" "Eating out with Natasha"
  Liabilities:US:Chase:Slate                       -50.35 USD
  Expenses:Food:Restaurant                          50.35 USD

2021-03-26 * "Jewel of Morroco" "Eating out "
  Liabilities:US:Chase:Slate                       -34.80 USD
  Expenses:Food:Restaurant                          34.80 USD

2021-03-27 * "Jewel of Morroco" "Eating out "
  Liabilities:US:Chase:Slate                       -14.73 USD
  Expenses:Food:Restaurant                          14.73 USD

2021-03-29 * "Good Moods Market" "Buying groceries"
  Liabilities:US:Chase:Slate                       -70.86 USD
  Expenses:Food:Groceries                           70.86 USD

2021-04-01 * "Cafe Modagor" "Eating out with Joe"
  Liabilities:US:Chase:Slate                       -47.45 USD
  Expenses:Food:Restaurant                          47.45 USD

2021-04-05 * "Cafe Modagor" "Eating out with work buddies"
  Liabilities:US:Chase:Slate                       -26.17 USD
  Expenses:Food:Restaurant                          26.17 USD

2021-04-08 * "Cafe Modagor" "Eating out alone"
  Liabilities:US:Chase:Slate                       -45.20 USD
  Expenses:Food:Restaurant                          45.20 USD

2021-04-09 * "Chase:Slate" "Paying off credit card"
  Liabilities:US:Chase:Slate                       724.62 USD
  Assets:US:BofA:Checking                         -724.62 USD

2021-04-12 * "Cafe Modagor" "Eating out "
  Liabilities:US:Chase:Slate                       -64.93 USD
  Expenses:Food:Restaurant                          64.93 USD

2021-04-12 * "Metro Transport Authority" "Tram tickets"
  Liabilities:US:Chase:Slate                      -120.00 USD
  Expenses:Transport:Tram                          120.00 USD

2021-04-15 * "Farmer Fresh" "Buying groceries"
  Liabilities:US:Chase:Slate                      -102.81 USD
  Expenses:Food:Groceries                          102.81 USD

2021-04-16 balance Liabilities:US:Chase:Slate    -1487.04 USD

2021-04-16 * "Jewel of Morroco" "Eating out with Julie"
  Liabilities:US:Chase:Slate                       -48.34 USD
  Expenses:Food:Restaurant                          48.34 USD

2021-04-19 * "Jewel of Morroco" "Eating out with Natasha"
  Liabilities:US:Chase:Slate                       -40.03 USD
  Expenses:Food:Restaurant                          40.03 USD

2021-04-22 * "Uncle Boons" "Eating out after work"
  Liabilities:US:Chase:Slate                       -47.89 USD
  Expenses:Food:Restaurant                          47.89 USD

2021-04-27 * "Goba Goba" "Eating out with Joe"
  Liabilities:US:Chase:Slate                       -37.06 USD
  Expenses:Food:Restaurant                          37.06 USD

2021-04-30 * "Kin Soy" "Eating out "
  Liabilities:US:Chase:Slate                       -18.75 USD
  Expenses:Food:Restaurant                          18.75 USD

2021-05-03 * "Goba Goba" "Eating out with Joe"
  Liabilities:US:Chase:Slate                       -30.59 USD
  Expenses:Food:Restaurant                          30.59 USD

2021-05-05 * "Jewel of Morroco" "Eating out after work"
  Liabilities:US:Chase:Slate                       -49.01 USD
  Expenses:Food:Restaurant                          49.01 USD

2021-05-05 * "Corner Deli" "Buying groceries"
  Liabilities:US:Chase:Slate                      -151.42 USD
  Expenses:Food:Groceries                          151.42 USD

2021-05-07 * "Chase:Slate" "Paying off credit card"
  Liabilities:US:Chase:Slate                       682.63 USD
  Assets:US:BofA:Checking                         -682.63 USD

2021-05-08 * "Goba Goba" "Eating out with work buddies"
  Liabilities:US:Chase:Slate                       -36.73 USD
  Expenses:Food:Restaurant                          36.73 USD

2021-05-10 * "China Garden" "Eating out with Julie"
  Liabilities:US:Chase:Slate                       -12.54 USD
  Expenses:Food:Restaurant                          12.54 USD

2021-05-11 balance Liabilities:US:Chase:Slate    -1276.77 USD

2021-05-14 * "Uncle Boons" "Eating out alone"
  Liabilities:US:Chase:Slate                       -19.77 USD
  Expenses:Food:Restaurant                          19.77 USD

2021-05-15 * "Metro Transport Authority" "Tram tickets"
  Liabilities:US:Chase:Slate                      -120.00 USD
  Expenses:Transport:Tram                          120.00 USD

2021-05-16 * "Uncle Boons" "Eating out with Julie"
  Liabilities:US:Chase:Slate                       -25.02 USD
  Expenses:Food:Restaurant                          25.02 USD

2021-05-16 * "Good Moods Market" "Buying groceries"
  Liabilities:US:Chase:Slate                       -73.18 USD
  Expenses:Food:Groceries                           73.18 USD

2021-05-18 * "China Garden" "Eating out with Bill"
  Liabilities:US:Chase:Slate                       -26.38 USD
  Expenses:Food:Restaurant                          26.38 USD

2021-05-23 * "Rose Flower" "Eating out with Julie"
  Liabilities:US:Chase:Slate                       -47.06 USD
  Expenses:Food:Restaurant                          47.06 USD

2021-05-24 * "Goba Goba" "Eating out with Bill"
  Liabilities:US:Chase:Slate                       -42.99 USD
  Expenses:Food:Restaurant                          42.99 USD

2021-05-25 * "Farmer Fresh" "Buying groceries"
  Liabilities:US:Chase:Slate                      -122.32 USD
  Expenses:Food:Groceries                          122.32 USD

2021-05-29 * "Uncle Boons" "Eating out with Julie"
  Liabilities:US:Chase:Slate                       -37.29 USD
  Expenses:Food:Restaurant                          37.29 USD

2021-05-30 * "Goba Goba" "Eating out with Natasha"
  Liabilities:US:Chase:Slate                       -28.24 USD
  Expenses:Food:Restaurant                          28.24 USD

2021-06-01 * "Goba Goba" "Eating out with Joe"
  Liabilities:US:Chase:Slate                       -45.35 USD
  Expenses:Food:Restaurant                          45.35 USD

2021-06-03 * "Jewel of Morroco" "Eating out with Bill"
  Liabilities:US:Chase:Slate                       -31.73 USD
  Expenses:Food:Restaurant                          31.73 USD

2021-06-04 * "Kin Soy" "Eating out with Joe"
  Liabilities:US:Chase:Slate                       -39.54 USD
  Expenses:Food:Restaurant                          39.54 USD

2021-06-04 * "Corner Deli" "Buying groceries"
  Liabilities:US:Chase:Slate                       -78.75 USD
  Expenses:Food:Groceries                           78.75 USD

2021-06-07 balance Liabilities:US:Chase:Slate    -2014.39 USD

2021-06-07 * "Goba Goba" "Eating out with Julie"
  Liabilities:US:Chase:Slate                       -25.30 USD
  Expenses:Food:Restaurant                          25.30 USD

2021-06-09 * "Jewel of Morroco" "Eating out with Joe"
  Liabilities:US:Chase:Slate                       -31.39 USD
  Expenses:Food:Restaurant                          31.39 USD

2021-06-09 * "Chase:Slate" "Paying off credit card"
  Liabilities:US:Chase:Slate                       806.85 USD
  Assets:US:BofA:Checking                         -806.85 USD

2021-06-10 * "Corner Deli" "Buying groceries"
  Liabilities:US:Chase:Slate                       -64.12 USD
  Expenses:Food:Groceries                           64.12 USD

2021-06-13 * "China Garden" "Eating out with Natasha"
  Liabilities:US:Chase:Slate                       -29.67 USD
  Expenses:Food:Restaurant                          29.67 USD

2021-06-14 * "Cafe Modagor" "Eating out with work buddies"
  Liabilities:US:Chase:Slate                       -30.94 USD
  Expenses:Food:Restaurant                          30.94 USD

2021-06-16 * "Jewel of Morroco" "Eating out with Bill"
  Liabilities:US:Chase:Slate                       -31.27 USD
  Expenses:Food:Restaurant                          31.27 USD

2021-06-16 * "Metro Transport Authority" "Tram tickets"
  Liabilities:US:Chase:Slate                      -120.00 USD
  Expenses:Transport:Tram                          120.00 USD

2021-06-21 * "China Garden" "Eating out with work buddies"
  Liabilities:US:Chase:Slate                       -27.44 USD
  Expenses:Food:Restaurant                          27.44 USD

2021-06-24 * "Good Moods Market" "Buying groceries"
  Liabilities:US:Chase:Slate                       -60.95 USD
  Expenses:Food:Groceries                           60.95 USD

2021-06-25 * "China Garden" "Eating out with Natasha"
  Liabilities:US:Chase:Slate                       -38.38 USD
  Expenses:Food:Restaurant                          38.38 USD

2021-06-28 * "Chichipotle" "Eating out with Joe"
  Liabilities:US:Chase:Slate                       -25.26 USD
  Expenses:Food:Restaurant                          25.26 USD

2021-06-30 balance Liabilities:US:Chase:Slate    -1692.26 USD

2021-07-03 * "Jewel of Morroco" "Eating out after work"
  Liabilities:US:Chase:Slate                       -20.21 USD
  Expenses:Food:Restaurant                          20.21 USD

2021-07-03 * "Corner Deli" "Buying groceries"
  Liabilities:US:Chase:Slate                       -38.89 USD
  Expenses:Food:Groceries                           38.89 USD

2021-07-06 * "China Garden" "Eating out "
  Liabilities:US:Chase:Slate                       -16.20 USD
  Expenses:Food:Restaurant                          16.20 USD

2021-07-07 * "Chase:Slate" "Paying off credit card"
  Liabilities:US:Chase:Slate                       543.21 USD
  Assets:US:BofA:Checking                         -543.21 USD

2021-07-08 * "Cafe Modagor" "Eating out with Joe"
  Liabilities:US:Chase:Slate                       -39.88 USD
  Expenses:Food:Restaurant                          39.88 USD

2021-07-09 * "Chichipotle" "Eating out with Joe"
  Liabilities:US:Chase:Slate                       -32.61 USD
  Expenses:Food:Restaurant                          32.61 USD

2021-07-11 * "Kin Soy" "Eating out after work"
  Liabilities:US:Chase:Slate                       -22.79 USD
  Expenses:Food:Restaurant                          22.79 USD

2021-07-15 * "Chichipotle" "Eating out "
  Liabilities:US:Chase:Slate                       -22.23 USD
  Expenses:Food:Restaurant                          22.23 USD

2021-07-17 * "Goba Goba" "Eating out after work"
  Liabilities:US:Chase:Slate                       -26.45 USD
  Expenses:Food:Restaurant                          26.45 USD

2021-07-18 * "Corner Deli" "Buying groceries"
  Liabilities:US:Chase:Slate                       -57.32 USD
  Expenses:Food:Groceries                           57.32 USD

2021-07-18 * "Metro Transport Authority" "Tram tickets"
  Liabilities:US:Chase:Slate                      -120.00 USD
  Expenses:Transport:Tram                          120.00 USD

2021-07-20 * "Kin Soy" "Eating out with Bill"
  Liabilities:US:Chase:Slate                       -36.59 USD
  Expenses:Food:Restaurant                          36.59 USD

2021-07-24 balance Liabilities:US:Chase:Slate    -1582.22 USD

2021-07-24 * "Kin Soy" "Eating out with Julie"
  Liabilities:US:Chase:Slate                       -21.85 USD
  Expenses:Food:Restaurant                          21.85 USD

2021-07-28 * "Cafe Modagor" "Eating out with Bill"
  Liabilities:US:Chase:Slate                       -26.34 USD
  Expenses:Food:Restaurant                          26.34 USD

2021-07-30 * "Jewel of Morroco" "Eating out after work"
  Liabilities:US:Chase:Slate                       -36.72 USD
  Expenses:Food:Restaurant                          36.72 USD

2021-08-01 * "Corner Deli" "Buying groceries"
  Liabilities:US:Chase:Slate                       -57.49 USD
  Expenses:Food:Groceries                           57.49 USD

2021-08-04 * "Rose Flower" "Eating out alone"
  Liabilities:US:Chase:Slate                       -22.89 USD
  Expenses:Food:Restaurant                          22.89 USD

2021-08-07 * "Good Moods Market" "Buying groceries"
  Liabilities:US:Chase:Slate                       -93.48 USD
  Expenses:Food:Groceries                           93.48 USD

2021-08-09 * "Kin Soy" "Eating out after work"
  Liabilities:US:Chase:Slate                       -41.83 USD
  Expenses:Food:Restaurant                          41.83 USD

2021-08-12 * "Cafe Modagor" "Eating out alone"
  Liabilities:US:Chase:Slate                       -35.84 USD
  Expenses:Food:Restaurant                          35.84 USD

2021-08-17 * "China Garden" "Eating out with Bill"
  Liabilities:US:Chase:Slate                       -39.68 USD
  Expenses:Food:Restaurant                          39.68 USD

2021-08-18 * "Metro Transport Authority" "Tram tickets"
  Liabilities:US:Chase:Slate                      -120.00 USD
  Expenses:Transport:Tram                          120.00 USD

2021-08-19 * "Corner Deli" "Buying groceries"
  Liabilities:US:Chase:Slate                      -110.44 USD
  Expenses:Food:Groceries                          110.44 USD

2021-08-20 balance Liabilities:US:Chase:Slate    -2188.78 USD

2021-08-21 * "Cafe Modagor" "Eating out with Julie"
  Liabilities:US:Chase:Slate                       -20.15 USD
  Expenses:Food:Restaurant                          20.15 USD

2021-08-23 * "Rose Flower" "Eating out with Bill"
  Liabilities:US:Chase:Slate                       -22.01 USD
  Expenses:Food:Restaurant                          22.01 USD

2021-08-24 * "Corner Deli" "Buying groceries"
  Liabilities:US:Chase:Slate                       -50.16 USD
  Expenses:Food:Groceries                           50.16 USD

2021-08-26 * "Kin Soy" "Eating out with Joe"
  Liabilities:US:Chase:Slate                       -24.43 USD
  Expenses:Food:Restaurant                          24.43 USD

2021-08-27 * "Cafe Modagor" "Eating out with Natasha"
  Liabilities:US:Chase:Slate                       -22.21 USD
  Expenses:Food:Restaurant                          22.21 USD

2021-08-28 * "Jewel of Morroco" "Eating out "
  Liabilities:US:Chase:Slate                       -32.38 USD
  Expenses:Food:Restaurant                          32.38 USD

2021-09-01 * "Uncle Boons" "Eating out with Bill"
  Liabilities:US:Chase:Slate                       -18.63 USD
  Expenses:Food:Restaurant                          18.63 USD



* Taxable Investments

2019-01-01 open Assets:US:ETrade:Cash                       USD
  balance_sheet_category: "Assets:Current assets:Cash and cash equivalent"
  equity_category: "Equity:Current equity:Current assets"
2019-01-01 open Assets:US:ETrade:ITOT                       ITOT
  balance_sheet_category: "Assets:Non-current assets:Stock and ETF"
  equity_category: "Equity:Non-current equity:Non-current assets"
2019-01-01 open Assets:US:ETrade:VEA                       VEA
  balance_sheet_category: "Assets:Non-current assets:Stock and ETF"
  equity_category: "Equity:Non-current equity:Non-current assets"
2019-01-01 open Assets:US:ETrade:VHT                       VHT
  balance_sheet_category: "Assets:Non-current assets:Stock and ETF"
  equity_category: "Equity:Non-current equity:Non-current assets"
2019-01-01 open Assets:US:ETrade:GLD                       GLD
  balance_sheet_category: "Assets:Non-current assets:Stock and ETF"
  equity_category: "Equity:Non-current equity:Non-current assets"
2019-01-01 open Income:US:ETrade:PnL                        USD
2019-01-01 open Income:US:ETrade:ITOT:Dividend              USD
2019-01-01 open Income:US:ETrade:VEA:Dividend              USD
2019-01-01 open Income:US:ETrade:VHT:Dividend              USD
2019-01-01 open Income:US:ETrade:GLD:Dividend              USD

2019-09-18 * "Dividends on portfolio"
  Assets:US:ETrade:Cash                              0.00 USD
  Income:US:ETrade:VHT:Dividend                      0.00 USD

2019-09-22 * "Buy shares of VEA"
  Assets:US:ETrade:Cash                          -1291.00 USD
  Assets:US:ETrade:VEA                                 37 VEA {34.65 USD, 2019-09-22}
  Expenses:Financial:Commissions                     8.95 USD

2019-09-22 * "Buy shares of VHT"
  Assets:US:ETrade:Cash                          -1253.05 USD
  Assets:US:ETrade:VHT                                 10 VHT {124.41 USD, 2019-09-22}
  Expenses:Financial:Commissions                     8.95 USD

2019-09-22 * "Buy shares of GLD"
  Assets:US:ETrade:Cash                          -1291.45 USD
  Assets:US:ETrade:GLD                                 27 GLD {47.50 USD, 2019-09-22}
  Expenses:Financial:Commissions                     8.95 USD

2019-10-11 * "Sell shares of GLD"
  Assets:US:ETrade:GLD                                -27 GLD {47.50 USD, 2019-09-22} @ 46.08 USD
  Assets:US:ETrade:Cash                           1235.21 USD
  Expenses:Financial:Commissions                     8.95 USD
  Income:US:ETrade:PnL                              38.34 USD

2019-10-18 * "Buy shares of VEA"
  Assets:US:ETrade:Cash                           -282.47 USD
  Assets:US:ETrade:VEA                                  8 VEA {34.19 USD, 2019-10-18}
  Expenses:Financial:Commissions                     8.95 USD

2019-10-18 * "Buy shares of ITOT"
  Assets:US:ETrade:Cash                           -301.41 USD
  Assets:US:ETrade:ITOT                                 2 ITOT {146.23 USD, 2019-10-18}
  Expenses:Financial:Commissions                     8.95 USD

2019-10-18 * "Buy shares of GLD"
  Assets:US:ETrade:Cash                           -282.79 USD
  Assets:US:ETrade:GLD                                  6 GLD {45.64 USD, 2019-10-18}
  Expenses:Financial:Commissions                     8.95 USD

2019-10-18 * "Buy shares of VHT"
  Assets:US:ETrade:Cash                           -257.75 USD
  Assets:US:ETrade:VHT                                  2 VHT {124.40 USD, 2019-10-18}
  Expenses:Financial:Commissions                     8.95 USD

2019-12-17 * "Dividends on portfolio"
  Assets:US:ETrade:Cash                             19.59 USD
  Income:US:ETrade:ITOT:Dividend                   -19.59 USD

2019-12-27 * "Buy shares of ITOT"
  Assets:US:ETrade:Cash                           -948.79 USD
  Assets:US:ETrade:ITOT                                 6 ITOT {156.64 USD, 2019-12-27}
  Expenses:Financial:Commissions                     8.95 USD

2019-12-27 * "Buy shares of VHT"
  Assets:US:ETrade:Cash                          -1005.27 USD
  Assets:US:ETrade:VHT                                  8 VHT {124.54 USD, 2019-12-27}
  Expenses:Financial:Commissions                     8.95 USD

2019-12-27 * "Buy shares of GLD"
  Assets:US:ETrade:Cash                          -1004.98 USD
  Assets:US:ETrade:GLD                                 21 GLD {47.43 USD, 2019-12-27}
  Expenses:Financial:Commissions                     8.95 USD

2020-03-17 * "Dividends on portfolio"
  Assets:US:ETrade:Cash                             31.32 USD
  Income:US:ETrade:VHT:Dividend                    -31.32 USD

2020-06-17 * "Dividends on portfolio"
  Assets:US:ETrade:Cash                             31.32 USD
  Income:US:ETrade:ITOT:Dividend                   -31.32 USD

2020-09-16 * "Buy shares of ITOT"
  Assets:US:ETrade:Cash                          -1217.35 USD
  Assets:US:ETrade:ITOT                                 8 ITOT {151.05 USD, 2020-09-16}
  Expenses:Financial:Commissions                     8.95 USD

2020-09-16 * "Buy shares of VHT"
  Assets:US:ETrade:Cash                          -1233.22 USD
  Assets:US:ETrade:VHT                                  9 VHT {136.03 USD, 2020-09-16}
  Expenses:Financial:Commissions                     8.95 USD

2020-09-16 * "Buy shares of VEA"
  Assets:US:ETrade:Cash                          -1304.95 USD
  Assets:US:ETrade:VEA                                 30 VEA {43.20 USD, 2020-09-16}
  Expenses:Financial:Commissions                     8.95 USD

2020-09-16 * "Buy shares of GLD"
  Assets:US:ETrade:Cash                          -1289.13 USD
  Assets:US:ETrade:GLD                                 23 GLD {55.66 USD, 2020-09-16}
  Expenses:Financial:Commissions                     8.95 USD

2020-09-17 * "Dividends on portfolio"
  Assets:US:ETrade:Cash                             51.35 USD
  Income:US:ETrade:VEA:Dividend                    -51.35 USD

2020-11-07 * "Buy shares of VHT"
  Assets:US:ETrade:Cash                          -3661.69 USD
  Assets:US:ETrade:VHT                                 26 VHT {140.49 USD, 2020-11-07}
  Expenses:Financial:Commissions                     8.95 USD

2020-11-21 * "Sell shares of ITOT"
  Assets:US:ETrade:ITOT                                -6 ITOT {156.64 USD, 2019-12-27} @ 153.06 USD
  Assets:US:ETrade:Cash                            909.41 USD
  Expenses:Financial:Commissions                     8.95 USD
  Income:US:ETrade:PnL                              21.48 USD

2020-12-11 * "Buy shares of ITOT"
  Assets:US:ETrade:Cash                           -162.24 USD
  Assets:US:ETrade:ITOT                                 1 ITOT {153.29 USD, 2020-12-11}
  Expenses:Financial:Commissions                     8.95 USD

2020-12-11 * "Buy shares of GLD"
  Assets:US:ETrade:Cash                           -195.58 USD
  Assets:US:ETrade:GLD                                  3 GLD {62.21 USD, 2020-12-11}
  Expenses:Financial:Commissions                     8.95 USD

2020-12-11 * "Buy shares of VHT"
  Assets:US:ETrade:Cash                           -150.05 USD
  Assets:US:ETrade:VHT                                  1 VHT {141.10 USD, 2020-12-11}
  Expenses:Financial:Commissions                     8.95 USD

2020-12-11 * "Buy shares of VEA"
  Assets:US:ETrade:Cash                           -181.87 USD
  Assets:US:ETrade:VEA                                  4 VEA {43.23 USD, 2020-12-11}
  Expenses:Financial:Commissions                     8.95 USD

2020-12-17 * "Dividends on portfolio"
  Assets:US:ETrade:Cash                             68.58 USD
  Income:US:ETrade:VHT:Dividend                    -68.58 USD

2021-03-18 * "Dividends on portfolio"
  Assets:US:ETrade:Cash                             68.58 USD
  Income:US:ETrade:GLD:Dividend                    -68.58 USD

2021-06-18 * "Dividends on portfolio"
  Assets:US:ETrade:Cash                             68.58 USD
  Income:US:ETrade:ITOT:Dividend                   -68.58 USD

2021-08-18 * "Buy shares of GLD"
  Assets:US:ETrade:Cash                          -1367.33 USD
  Assets:US:ETrade:GLD                                 23 GLD {59.06 USD, 2021-08-18}
  Expenses:Financial:Commissions                     8.95 USD

2021-08-18 * "Buy shares of VEA"
  Assets:US:ETrade:Cash                          -1367.86 USD
  Assets:US:ETrade:VEA                                 27 VEA {50.33 USD, 2021-08-18}
  Expenses:Financial:Commissions                     8.95 USD

2021-08-18 * "Buy shares of ITOT"
  Assets:US:ETrade:Cash                          -1357.33 USD
  Assets:US:ETrade:ITOT                                 9 ITOT {149.82 USD, 2021-08-18}
  Expenses:Financial:Commissions                     8.95 USD



* Vanguard Investments

2019-01-01 open Assets:US:Vanguard:VBMPX                     VBMPX
  number: "882882"
  balance_sheet_category: "Assets:Non-current assets:Stock and ETF"
  equity_category: "Equity:Non-current equity:Non-current assets"
2019-01-01 open Assets:US:Vanguard:RGAGX                     RGAGX
  number: "882882"
  balance_sheet_category: "Assets:Non-current assets:Stock and ETF"
  equity_category: "Equity:Non-current equity:Non-current assets"
2019-01-01 open Assets:US:Vanguard                            USD
  address: "P.O. Box 1110, Valley Forge, PA 19482-1110"
  institution: "Vanguard Group"
  phone: "+1.800.523.1188"
  balance_sheet_category: "Assets:Non-current assets:Stock and ETF"
  equity_category: "Equity:Non-current equity:Non-current assets"
2019-01-01 open Income:US:Hoogle:Match401k                   USD
  balance_sheet_category: "Assets:Non-current assets:Stock and ETF"
  equity_category: "Equity:Non-current equity:Non-current assets"
2019-01-01 open Assets:US:Vanguard:Cash                       USD
  number: "882882"
  balance_sheet_category: "Assets:Non-current assets:Stock and ETF"
  equity_category: "Equity:Non-current equity:Non-current assets"

2019-01-04 * "Employer match for contribution"
  Assets:US:Vanguard:Cash                          600.00 USD
  Income:US:Hoogle:Match401k                      -600.00 USD

2019-01-07 * "Investing 40% of cash in VBMPX"
  Assets:US:Vanguard:VBMPX                         12.903 VBMPX {37.20 USD, 2019-01-07}
  Assets:US:Vanguard:Cash                         -479.99 USD

2019-01-07 * "Investing 60% of cash in RGAGX"
  Assets:US:Vanguard:RGAGX                          6.220 RGAGX {115.76 USD, 2019-01-07}
  Assets:US:Vanguard:Cash                         -720.03 USD

2019-01-07 * "Investing 40% of cash in VBMPX"
  Assets:US:Vanguard:VBMPX                          6.451 VBMPX {37.20 USD, 2019-01-07}
  Assets:US:Vanguard:Cash                         -239.98 USD

2019-01-07 * "Investing 60% of cash in RGAGX"
  Assets:US:Vanguard:RGAGX                          3.110 RGAGX {115.76 USD, 2019-01-07}
  Assets:US:Vanguard:Cash                         -360.01 USD

2019-01-18 * "Employer match for contribution"
  Assets:US:Vanguard:Cash                          600.00 USD
  Income:US:Hoogle:Match401k                      -600.00 USD

2019-01-21 * "Investing 40% of cash in VBMPX"
  Assets:US:Vanguard:VBMPX                         12.054 VBMPX {39.82 USD, 2019-01-21}
  Assets:US:Vanguard:Cash                         -479.99 USD

2019-01-21 * "Investing 60% of cash in RGAGX"
  Assets:US:Vanguard:RGAGX                          6.264 RGAGX {114.94 USD, 2019-01-21}
  Assets:US:Vanguard:Cash                         -719.98 USD

2019-01-21 * "Investing 40% of cash in VBMPX"
  Assets:US:Vanguard:VBMPX                          6.027 VBMPX {39.82 USD, 2019-01-21}
  Assets:US:Vanguard:Cash                         -240.00 USD

2019-01-21 * "Investing 60% of cash in RGAGX"
  Assets:US:Vanguard:RGAGX                          3.132 RGAGX {114.94 USD, 2019-01-21}
  Assets:US:Vanguard:Cash                         -359.99 USD

2019-02-01 * "Employer match for contribution"
  Assets:US:Vanguard:Cash                          600.00 USD
  Income:US:Hoogle:Match401k                      -600.00 USD

2019-02-04 * "Investing 40% of cash in VBMPX"
  Assets:US:Vanguard:VBMPX                         12.045 VBMPX {39.85 USD, 2019-02-04}
  Assets:US:Vanguard:Cash                         -479.99 USD

2019-02-04 * "Investing 60% of cash in RGAGX"
  Assets:US:Vanguard:RGAGX                          6.259 RGAGX {115.04 USD, 2019-02-04}
  Assets:US:Vanguard:Cash                         -720.04 USD

2019-02-04 * "Investing 40% of cash in VBMPX"
  Assets:US:Vanguard:VBMPX                          6.023 VBMPX {39.85 USD, 2019-02-04}
  Assets:US:Vanguard:Cash                         -240.02 USD

2019-02-04 * "Investing 60% of cash in RGAGX"
  Assets:US:Vanguard:RGAGX                          3.129 RGAGX {115.04 USD, 2019-02-04}
  Assets:US:Vanguard:Cash                         -359.96 USD

2019-02-15 * "Employer match for contribution"
  Assets:US:Vanguard:Cash                          600.00 USD
  Income:US:Hoogle:Match401k                      -600.00 USD

2019-02-18 * "Investing 40% of cash in VBMPX"
  Assets:US:Vanguard:VBMPX                         12.628 VBMPX {38.01 USD, 2019-02-18}
  Assets:US:Vanguard:Cash                         -479.99 USD

2019-02-18 * "Investing 60% of cash in RGAGX"
  Assets:US:Vanguard:RGAGX                          6.204 RGAGX {116.05 USD, 2019-02-18}
  Assets:US:Vanguard:Cash                         -719.97 USD

2019-02-18 * "Investing 40% of cash in VBMPX"
  Assets:US:Vanguard:VBMPX                          6.315 VBMPX {38.01 USD, 2019-02-18}
  Assets:US:Vanguard:Cash                         -240.03 USD

2019-02-18 * "Investing 60% of cash in RGAGX"
  Assets:US:Vanguard:RGAGX                          3.102 RGAGX {116.05 USD, 2019-02-18}
  Assets:US:Vanguard:Cash                         -359.99 USD

2019-03-01 * "Employer match for contribution"
  Assets:US:Vanguard:Cash                          600.00 USD
  Income:US:Hoogle:Match401k                      -600.00 USD

2019-03-04 * "Investing 40% of cash in VBMPX"
  Assets:US:Vanguard:VBMPX                         12.629 VBMPX {38.01 USD, 2019-03-04}
  Assets:US:Vanguard:Cash                         -480.03 USD

2019-03-04 * "Investing 60% of cash in RGAGX"
  Assets:US:Vanguard:RGAGX                          6.112 RGAGX {117.81 USD, 2019-03-04}
  Assets:US:Vanguard:Cash                         -720.05 USD

2019-03-04 * "Investing 40% of cash in VBMPX"
  Assets:US:Vanguard:VBMPX                          6.314 VBMPX {38.01 USD, 2019-03-04}
  Assets:US:Vanguard:Cash                         -240.00 USD

2019-03-04 * "Investing 60% of cash in RGAGX"
  Assets:US:Vanguard:RGAGX                          3.056 RGAGX {117.81 USD, 2019-03-04}
  Assets:US:Vanguard:Cash                         -360.03 USD

2019-03-15 * "Employer match for contribution"
  Assets:US:Vanguard:Cash                          600.00 USD
  Income:US:Hoogle:Match401k                      -600.00 USD

2019-03-18 * "Investing 40% of cash in VBMPX"
  Assets:US:Vanguard:VBMPX                         12.598 VBMPX {38.10 USD, 2019-03-18}
  Assets:US:Vanguard:Cash                         -479.98 USD

2019-03-18 * "Investing 60% of cash in RGAGX"
  Assets:US:Vanguard:RGAGX                          5.956 RGAGX {120.88 USD, 2019-03-18}
  Assets:US:Vanguard:Cash                         -719.96 USD

2019-03-18 * "Investing 40% of cash in VBMPX"
  Assets:US:Vanguard:VBMPX                          6.299 VBMPX {38.10 USD, 2019-03-18}
  Assets:US:Vanguard:Cash                         -239.99 USD

2019-03-18 * "Investing 60% of cash in RGAGX"
  Assets:US:Vanguard:RGAGX                          2.978 RGAGX {120.88 USD, 2019-03-18}
  Assets:US:Vanguard:Cash                         -359.98 USD

2019-03-29 * "Employer match for contribution"
  Assets:US:Vanguard:Cash                          600.00 USD
  Income:US:Hoogle:Match401k                      -600.00 USD

2019-04-01 * "Investing 40% of cash in VBMPX"
  Assets:US:Vanguard:VBMPX                         11.932 VBMPX {40.23 USD, 2019-04-01}
  Assets:US:Vanguard:Cash                         -480.02 USD

2019-04-01 * "Investing 60% of cash in RGAGX"
  Assets:US:Vanguard:RGAGX                          5.926 RGAGX {121.51 USD, 2019-04-01}
  Assets:US:Vanguard:Cash                         -720.07 USD

2019-04-01 * "Investing 40% of cash in VBMPX"
  Assets:US:Vanguard:VBMPX                          5.965 VBMPX {40.23 USD, 2019-04-01}
  Assets:US:Vanguard:Cash                         -239.97 USD

2019-04-01 * "Investing 60% of cash in RGAGX"
  Assets:US:Vanguard:RGAGX                          2.962 RGAGX {121.51 USD, 2019-04-01}
  Assets:US:Vanguard:Cash                         -359.91 USD

2019-04-12 * "Employer match for contribution"
  Assets:US:Vanguard:Cash                          600.00 USD
  Income:US:Hoogle:Match401k                      -600.00 USD

2019-04-15 * "Investing 40% of cash in VBMPX"
  Assets:US:Vanguard:VBMPX                         11.938 VBMPX {40.21 USD, 2019-04-15}
  Assets:US:Vanguard:Cash                         -480.03 USD

2019-04-15 * "Investing 60% of cash in RGAGX"
  Assets:US:Vanguard:RGAGX                          5.769 RGAGX {124.81 USD, 2019-04-15}
  Assets:US:Vanguard:Cash                         -720.03 USD

2019-04-15 * "Investing 40% of cash in VBMPX"
  Assets:US:Vanguard:VBMPX                          5.969 VBMPX {40.21 USD, 2019-04-15}
  Assets:US:Vanguard:Cash                         -240.01 USD

2019-04-15 * "Investing 60% of cash in RGAGX"
  Assets:US:Vanguard:RGAGX                          2.884 RGAGX {124.81 USD, 2019-04-15}
  Assets:US:Vanguard:Cash                         -359.95 USD

2019-04-26 * "Employer match for contribution"
  Assets:US:Vanguard:Cash                          600.00 USD
  Income:US:Hoogle:Match401k                      -600.00 USD

2019-04-29 * "Investing 40% of cash in VBMPX"
  Assets:US:Vanguard:VBMPX                         11.651 VBMPX {41.20 USD, 2019-04-29}
  Assets:US:Vanguard:Cash                         -480.02 USD

2019-04-29 * "Investing 60% of cash in RGAGX"
  Assets:US:Vanguard:RGAGX                          5.823 RGAGX {123.65 USD, 2019-04-29}
  Assets:US:Vanguard:Cash                         -720.01 USD

2019-04-29 * "Investing 40% of cash in VBMPX"
  Assets:US:Vanguard:VBMPX                          5.825 VBMPX {41.20 USD, 2019-04-29}
  Assets:US:Vanguard:Cash                         -239.99 USD

2019-04-29 * "Investing 60% of cash in RGAGX"
  Assets:US:Vanguard:RGAGX                          2.911 RGAGX {123.65 USD, 2019-04-29}
  Assets:US:Vanguard:Cash                         -359.95 USD

2019-05-10 * "Employer match for contribution"
  Assets:US:Vanguard:Cash                          600.00 USD
  Income:US:Hoogle:Match401k                      -600.00 USD

2019-05-13 * "Investing 40% of cash in VBMPX"
  Assets:US:Vanguard:VBMPX                         12.177 VBMPX {39.42 USD, 2019-05-13}
  Assets:US:Vanguard:Cash                         -480.02 USD

2019-05-13 * "Investing 60% of cash in RGAGX"
  Assets:US:Vanguard:RGAGX                          5.857 RGAGX {122.94 USD, 2019-05-13}
  Assets:US:Vanguard:Cash                         -720.06 USD

2019-05-13 * "Investing 40% of cash in VBMPX"
  Assets:US:Vanguard:VBMPX                          6.088 VBMPX {39.42 USD, 2019-05-13}
  Assets:US:Vanguard:Cash                         -239.99 USD

2019-05-13 * "Investing 60% of cash in RGAGX"
  Assets:US:Vanguard:RGAGX                          2.928 RGAGX {122.94 USD, 2019-05-13}
  Assets:US:Vanguard:Cash                         -359.97 USD

2019-05-24 * "Employer match for contribution"
  Assets:US:Vanguard:Cash                          600.00 USD
  Income:US:Hoogle:Match401k                      -600.00 USD

2019-05-27 * "Investing 40% of cash in VBMPX"
  Assets:US:Vanguard:VBMPX                         12.746 VBMPX {37.66 USD, 2019-05-27}
  Assets:US:Vanguard:Cash                         -480.01 USD

2019-05-27 * "Investing 60% of cash in RGAGX"
  Assets:US:Vanguard:RGAGX                          5.739 RGAGX {125.47 USD, 2019-05-27}
  Assets:US:Vanguard:Cash                         -720.07 USD

2019-05-27 * "Investing 40% of cash in VBMPX"
  Assets:US:Vanguard:VBMPX                          6.372 VBMPX {37.66 USD, 2019-05-27}
  Assets:US:Vanguard:Cash                         -239.97 USD

2019-05-27 * "Investing 60% of cash in RGAGX"
  Assets:US:Vanguard:RGAGX                          2.869 RGAGX {125.47 USD, 2019-05-27}
  Assets:US:Vanguard:Cash                         -359.97 USD

2019-06-07 * "Employer match for contribution"
  Assets:US:Vanguard:Cash                          600.00 USD
  Income:US:Hoogle:Match401k                      -600.00 USD

2019-06-10 * "Investing 40% of cash in VBMPX"
  Assets:US:Vanguard:VBMPX                         12.419 VBMPX {38.65 USD, 2019-06-10}
  Assets:US:Vanguard:Cash                         -479.99 USD

2019-06-10 * "Investing 60% of cash in RGAGX"
  Assets:US:Vanguard:RGAGX                          5.755 RGAGX {125.10 USD, 2019-06-10}
  Assets:US:Vanguard:Cash                         -719.95 USD

2019-06-10 * "Investing 40% of cash in VBMPX"
  Assets:US:Vanguard:VBMPX                          6.210 VBMPX {38.65 USD, 2019-06-10}
  Assets:US:Vanguard:Cash                         -240.02 USD

2019-06-10 * "Investing 60% of cash in RGAGX"
  Assets:US:Vanguard:RGAGX                          2.878 RGAGX {125.10 USD, 2019-06-10}
  Assets:US:Vanguard:Cash                         -360.04 USD

2019-06-21 * "Employer match for contribution"
  Assets:US:Vanguard:Cash                          600.00 USD
  Income:US:Hoogle:Match401k                      -600.00 USD

2019-06-24 * "Investing 40% of cash in VBMPX"
  Assets:US:Vanguard:VBMPX                         12.608 VBMPX {38.07 USD, 2019-06-24}
  Assets:US:Vanguard:Cash                         -479.99 USD

2019-06-24 * "Investing 60% of cash in RGAGX"
  Assets:US:Vanguard:RGAGX                          5.713 RGAGX {126.03 USD, 2019-06-24}
  Assets:US:Vanguard:Cash                         -720.01 USD

2019-06-24 * "Investing 40% of cash in VBMPX"
  Assets:US:Vanguard:VBMPX                          6.304 VBMPX {38.07 USD, 2019-06-24}
  Assets:US:Vanguard:Cash                         -239.99 USD

2019-06-24 * "Investing 60% of cash in RGAGX"
  Assets:US:Vanguard:RGAGX                          2.856 RGAGX {126.03 USD, 2019-06-24}
  Assets:US:Vanguard:Cash                         -359.94 USD

2019-07-05 * "Employer match for contribution"
  Assets:US:Vanguard:Cash                          600.00 USD
  Income:US:Hoogle:Match401k                      -600.00 USD

2019-07-08 * "Investing 40% of cash in VBMPX"
  Assets:US:Vanguard:VBMPX                         12.497 VBMPX {38.41 USD, 2019-07-08}
  Assets:US:Vanguard:Cash                         -480.01 USD

2019-07-08 * "Investing 60% of cash in RGAGX"
  Assets:US:Vanguard:RGAGX                          5.703 RGAGX {126.25 USD, 2019-07-08}
  Assets:US:Vanguard:Cash                         -720.00 USD

2019-07-08 * "Investing 40% of cash in VBMPX"
  Assets:US:Vanguard:VBMPX                          6.249 VBMPX {38.41 USD, 2019-07-08}
  Assets:US:Vanguard:Cash                         -240.02 USD

2019-07-08 * "Investing 60% of cash in RGAGX"
  Assets:US:Vanguard:RGAGX                          2.852 RGAGX {126.25 USD, 2019-07-08}
  Assets:US:Vanguard:Cash                         -360.06 USD

2019-07-19 * "Employer match for contribution"
  Assets:US:Vanguard:Cash                          600.00 USD
  Income:US:Hoogle:Match401k                      -600.00 USD

2019-07-22 * "Investing 40% of cash in VBMPX"
  Assets:US:Vanguard:VBMPX                         11.887 VBMPX {40.38 USD, 2019-07-22}
  Assets:US:Vanguard:Cash                         -480.00 USD

2019-07-22 * "Investing 60% of cash in RGAGX"
  Assets:US:Vanguard:RGAGX                          5.583 RGAGX {128.96 USD, 2019-07-22}
  Assets:US:Vanguard:Cash                         -719.98 USD

2019-07-22 * "Investing 40% of cash in VBMPX"
  Assets:US:Vanguard:VBMPX                          5.944 VBMPX {40.38 USD, 2019-07-22}
  Assets:US:Vanguard:Cash                         -240.02 USD

2019-07-22 * "Investing 60% of cash in RGAGX"
  Assets:US:Vanguard:RGAGX                          2.792 RGAGX {128.96 USD, 2019-07-22}
  Assets:US:Vanguard:Cash                         -360.06 USD

2019-08-02 * "Employer match for contribution"
  Assets:US:Vanguard:Cash                          250.00 USD
  Income:US:Hoogle:Match401k                      -250.00 USD

2019-08-05 * "Investing 40% of cash in VBMPX"
  Assets:US:Vanguard:VBMPX                          4.960 VBMPX {40.32 USD, 2019-08-05}
  Assets:US:Vanguard:Cash                         -199.99 USD

2019-08-05 * "Investing 60% of cash in RGAGX"
  Assets:US:Vanguard:RGAGX                          2.305 RGAGX {130.12 USD, 2019-08-05}
  Assets:US:Vanguard:Cash                         -299.93 USD

2019-08-05 * "Investing 40% of cash in VBMPX"
  Assets:US:Vanguard:VBMPX                          2.480 VBMPX {40.32 USD, 2019-08-05}
  Assets:US:Vanguard:Cash                          -99.99 USD

2019-08-05 * "Investing 60% of cash in RGAGX"
  Assets:US:Vanguard:RGAGX                          1.153 RGAGX {130.12 USD, 2019-08-05}
  Assets:US:Vanguard:Cash                         -150.03 USD

2020-01-03 * "Employer match for contribution"
  Assets:US:Vanguard:Cash                          600.00 USD
  Income:US:Hoogle:Match401k                      -600.00 USD

2020-01-06 * "Investing 40% of cash in VBMPX"
  Assets:US:Vanguard:VBMPX                         11.724 VBMPX {40.94 USD, 2020-01-06}
  Assets:US:Vanguard:Cash                         -479.98 USD

2020-01-06 * "Investing 60% of cash in RGAGX"
  Assets:US:Vanguard:RGAGX                          5.376 RGAGX {133.93 USD, 2020-01-06}
  Assets:US:Vanguard:Cash                         -720.01 USD

2020-01-06 * "Investing 40% of cash in VBMPX"
  Assets:US:Vanguard:VBMPX                          5.862 VBMPX {40.94 USD, 2020-01-06}
  Assets:US:Vanguard:Cash                         -239.99 USD

2020-01-06 * "Investing 60% of cash in RGAGX"
  Assets:US:Vanguard:RGAGX                          2.688 RGAGX {133.93 USD, 2020-01-06}
  Assets:US:Vanguard:Cash                         -360.00 USD

2020-01-17 * "Employer match for contribution"
  Assets:US:Vanguard:Cash                          600.00 USD
  Income:US:Hoogle:Match401k                      -600.00 USD

2020-01-20 * "Investing 40% of cash in VBMPX"
  Assets:US:Vanguard:VBMPX                         11.716 VBMPX {40.97 USD, 2020-01-20}
  Assets:US:Vanguard:Cash                         -480.00 USD

2020-01-20 * "Investing 60% of cash in RGAGX"
  Assets:US:Vanguard:RGAGX                          5.374 RGAGX {133.97 USD, 2020-01-20}
  Assets:US:Vanguard:Cash                         -719.95 USD

2020-01-20 * "Investing 40% of cash in VBMPX"
  Assets:US:Vanguard:VBMPX                          5.858 VBMPX {40.97 USD, 2020-01-20}
  Assets:US:Vanguard:Cash                         -240.00 USD

2020-01-20 * "Investing 60% of cash in RGAGX"
  Assets:US:Vanguard:RGAGX                          2.687 RGAGX {133.97 USD, 2020-01-20}
  Assets:US:Vanguard:Cash                         -359.98 USD

2020-01-31 * "Employer match for contribution"
  Assets:US:Vanguard:Cash                          600.00 USD
  Income:US:Hoogle:Match401k                      -600.00 USD

2020-02-03 * "Investing 40% of cash in VBMPX"
  Assets:US:Vanguard:VBMPX                         11.440 VBMPX {41.96 USD, 2020-02-03}
  Assets:US:Vanguard:Cash                         -480.02 USD

2020-02-03 * "Investing 60% of cash in RGAGX"
  Assets:US:Vanguard:RGAGX                          5.478 RGAGX {131.44 USD, 2020-02-03}
  Assets:US:Vanguard:Cash                         -720.03 USD

2020-02-03 * "Investing 40% of cash in VBMPX"
  Assets:US:Vanguard:VBMPX                          5.720 VBMPX {41.96 USD, 2020-02-03}
  Assets:US:Vanguard:Cash                         -240.01 USD

2020-02-03 * "Investing 60% of cash in RGAGX"
  Assets:US:Vanguard:RGAGX                          2.739 RGAGX {131.44 USD, 2020-02-03}
  Assets:US:Vanguard:Cash                         -360.01 USD

2020-02-14 * "Employer match for contribution"
  Assets:US:Vanguard:Cash                          600.00 USD
  Income:US:Hoogle:Match401k                      -600.00 USD

2020-02-17 * "Investing 40% of cash in VBMPX"
  Assets:US:Vanguard:VBMPX                         11.297 VBMPX {42.49 USD, 2020-02-17}
  Assets:US:Vanguard:Cash                         -480.01 USD

2020-02-17 * "Investing 60% of cash in RGAGX"
  Assets:US:Vanguard:RGAGX                          5.443 RGAGX {132.29 USD, 2020-02-17}
  Assets:US:Vanguard:Cash                         -720.05 USD

2020-02-17 * "Investing 40% of cash in VBMPX"
  Assets:US:Vanguard:VBMPX                          5.648 VBMPX {42.49 USD, 2020-02-17}
  Assets:US:Vanguard:Cash                         -239.98 USD

2020-02-17 * "Investing 60% of cash in RGAGX"
  Assets:US:Vanguard:RGAGX                          2.721 RGAGX {132.29 USD, 2020-02-17}
  Assets:US:Vanguard:Cash                         -359.96 USD

2020-02-28 * "Employer match for contribution"
  Assets:US:Vanguard:Cash                          600.00 USD
  Income:US:Hoogle:Match401k                      -600.00 USD

2020-03-02 * "Investing 40% of cash in VBMPX"
  Assets:US:Vanguard:VBMPX                         10.860 VBMPX {44.20 USD, 2020-03-02}
  Assets:US:Vanguard:Cash                         -480.01 USD

2020-03-02 * "Investing 60% of cash in RGAGX"
  Assets:US:Vanguard:RGAGX                          5.406 RGAGX {133.18 USD, 2020-03-02}
  Assets:US:Vanguard:Cash                         -719.97 USD

2020-03-02 * "Investing 40% of cash in VBMPX"
  Assets:US:Vanguard:VBMPX                          5.430 VBMPX {44.20 USD, 2020-03-02}
  Assets:US:Vanguard:Cash                         -240.01 USD

2020-03-02 * "Investing 60% of cash in RGAGX"
  Assets:US:Vanguard:RGAGX                          2.703 RGAGX {133.18 USD, 2020-03-02}
  Assets:US:Vanguard:Cash                         -359.99 USD

2020-03-13 * "Employer match for contribution"
  Assets:US:Vanguard:Cash                          600.00 USD
  Income:US:Hoogle:Match401k                      -600.00 USD

2020-03-16 * "Investing 40% of cash in VBMPX"
  Assets:US:Vanguard:VBMPX                         11.142 VBMPX {43.08 USD, 2020-03-16}
  Assets:US:Vanguard:Cash                         -480.00 USD

2020-03-16 * "Investing 60% of cash in RGAGX"
  Assets:US:Vanguard:RGAGX                          5.136 RGAGX {140.20 USD, 2020-03-16}
  Assets:US:Vanguard:Cash                         -720.07 USD

2020-03-16 * "Investing 40% of cash in VBMPX"
  Assets:US:Vanguard:VBMPX                          5.571 VBMPX {43.08 USD, 2020-03-16}
  Assets:US:Vanguard:Cash                         -240.00 USD

2020-03-16 * "Investing 60% of cash in RGAGX"
  Assets:US:Vanguard:RGAGX                          2.568 RGAGX {140.20 USD, 2020-03-16}
  Assets:US:Vanguard:Cash                         -360.03 USD

2020-03-27 * "Employer match for contribution"
  Assets:US:Vanguard:Cash                          600.00 USD
  Income:US:Hoogle:Match401k                      -600.00 USD

2020-03-30 * "Investing 40% of cash in VBMPX"
  Assets:US:Vanguard:VBMPX                         10.699 VBMPX {44.86 USD, 2020-03-30}
  Assets:US:Vanguard:Cash                         -479.96 USD

2020-03-30 * "Investing 60% of cash in RGAGX"
  Assets:US:Vanguard:RGAGX                          5.027 RGAGX {143.21 USD, 2020-03-30}
  Assets:US:Vanguard:Cash                         -719.92 USD

2020-03-30 * "Investing 40% of cash in VBMPX"
  Assets:US:Vanguard:VBMPX                          5.350 VBMPX {44.86 USD, 2020-03-30}
  Assets:US:Vanguard:Cash                         -240.00 USD

2020-03-30 * "Investing 60% of cash in RGAGX"
  Assets:US:Vanguard:RGAGX                          2.514 RGAGX {143.21 USD, 2020-03-30}
  Assets:US:Vanguard:Cash                         -360.03 USD

2020-04-10 * "Employer match for contribution"
  Assets:US:Vanguard:Cash                          600.00 USD
  Income:US:Hoogle:Match401k                      -600.00 USD

2020-04-13 * "Investing 40% of cash in VBMPX"
  Assets:US:Vanguard:VBMPX                         11.186 VBMPX {42.91 USD, 2020-04-13}
  Assets:US:Vanguard:Cash                         -479.99 USD

2020-04-13 * "Investing 60% of cash in RGAGX"
  Assets:US:Vanguard:RGAGX                          5.011 RGAGX {143.69 USD, 2020-04-13}
  Assets:US:Vanguard:Cash                         -720.03 USD

2020-04-13 * "Investing 40% of cash in VBMPX"
  Assets:US:Vanguard:VBMPX                          5.593 VBMPX {42.91 USD, 2020-04-13}
  Assets:US:Vanguard:Cash                         -240.00 USD

2020-04-13 * "Investing 60% of cash in RGAGX"
  Assets:US:Vanguard:RGAGX                          2.505 RGAGX {143.69 USD, 2020-04-13}
  Assets:US:Vanguard:Cash                         -359.94 USD

2020-04-24 * "Employer match for contribution"
  Assets:US:Vanguard:Cash                          600.00 USD
  Income:US:Hoogle:Match401k                      -600.00 USD

2020-04-27 * "Investing 40% of cash in VBMPX"
  Assets:US:Vanguard:VBMPX                         11.081 VBMPX {43.32 USD, 2020-04-27}
  Assets:US:Vanguard:Cash                         -480.03 USD

2020-04-27 * "Investing 60% of cash in RGAGX"
  Assets:US:Vanguard:RGAGX                          4.949 RGAGX {145.50 USD, 2020-04-27}
  Assets:US:Vanguard:Cash                         -720.08 USD

2020-04-27 * "Investing 40% of cash in VBMPX"
  Assets:US:Vanguard:VBMPX                          5.540 VBMPX {43.32 USD, 2020-04-27}
  Assets:US:Vanguard:Cash                         -239.99 USD

2020-04-27 * "Investing 60% of cash in RGAGX"
  Assets:US:Vanguard:RGAGX                          2.474 RGAGX {145.50 USD, 2020-04-27}
  Assets:US:Vanguard:Cash                         -359.97 USD

2020-05-08 * "Employer match for contribution"
  Assets:US:Vanguard:Cash                          600.00 USD
  Income:US:Hoogle:Match401k                      -600.00 USD

2020-05-11 * "Investing 40% of cash in VBMPX"
  Assets:US:Vanguard:VBMPX                         11.080 VBMPX {43.32 USD, 2020-05-11}
  Assets:US:Vanguard:Cash                         -479.99 USD

2020-05-11 * "Investing 60% of cash in RGAGX"
  Assets:US:Vanguard:RGAGX                          4.971 RGAGX {144.85 USD, 2020-05-11}
  Assets:US:Vanguard:Cash                         -720.05 USD

2020-05-11 * "Investing 40% of cash in VBMPX"
  Assets:US:Vanguard:VBMPX                          5.540 VBMPX {43.32 USD, 2020-05-11}
  Assets:US:Vanguard:Cash                         -239.99 USD

2020-05-11 * "Investing 60% of cash in RGAGX"
  Assets:US:Vanguard:RGAGX                          2.485 RGAGX {144.85 USD, 2020-05-11}
  Assets:US:Vanguard:Cash                         -359.95 USD

2020-05-22 * "Employer match for contribution"
  Assets:US:Vanguard:Cash                          600.00 USD
  Income:US:Hoogle:Match401k                      -600.00 USD

2020-05-25 * "Investing 40% of cash in VBMPX"
  Assets:US:Vanguard:VBMPX                         11.563 VBMPX {41.51 USD, 2020-05-25}
  Assets:US:Vanguard:Cash                         -479.98 USD

2020-05-25 * "Investing 60% of cash in RGAGX"
  Assets:US:Vanguard:RGAGX                          5.073 RGAGX {141.94 USD, 2020-05-25}
  Assets:US:Vanguard:Cash                         -720.06 USD

2020-05-25 * "Investing 40% of cash in VBMPX"
  Assets:US:Vanguard:VBMPX                          5.781 VBMPX {41.51 USD, 2020-05-25}
  Assets:US:Vanguard:Cash                         -239.97 USD

2020-05-25 * "Investing 60% of cash in RGAGX"
  Assets:US:Vanguard:RGAGX                          2.536 RGAGX {141.94 USD, 2020-05-25}
  Assets:US:Vanguard:Cash                         -359.96 USD

2020-06-05 * "Employer match for contribution"
  Assets:US:Vanguard:Cash                          600.00 USD
  Income:US:Hoogle:Match401k                      -600.00 USD

2020-06-08 * "Investing 40% of cash in VBMPX"
  Assets:US:Vanguard:VBMPX                         11.249 VBMPX {42.67 USD, 2020-06-08}
  Assets:US:Vanguard:Cash                         -479.99 USD

2020-06-08 * "Investing 60% of cash in RGAGX"
  Assets:US:Vanguard:RGAGX                          5.166 RGAGX {139.37 USD, 2020-06-08}
  Assets:US:Vanguard:Cash                         -719.99 USD

2020-06-08 * "Investing 40% of cash in VBMPX"
  Assets:US:Vanguard:VBMPX                          5.625 VBMPX {42.67 USD, 2020-06-08}
  Assets:US:Vanguard:Cash                         -240.02 USD

2020-06-08 * "Investing 60% of cash in RGAGX"
  Assets:US:Vanguard:RGAGX                          2.583 RGAGX {139.37 USD, 2020-06-08}
  Assets:US:Vanguard:Cash                         -359.99 USD

2020-06-19 * "Employer match for contribution"
  Assets:US:Vanguard:Cash                          600.00 USD
  Income:US:Hoogle:Match401k                      -600.00 USD

2020-06-22 * "Investing 40% of cash in VBMPX"
  Assets:US:Vanguard:VBMPX                         11.506 VBMPX {41.72 USD, 2020-06-22}
  Assets:US:Vanguard:Cash                         -480.03 USD

2020-06-22 * "Investing 60% of cash in RGAGX"
  Assets:US:Vanguard:RGAGX                          5.127 RGAGX {140.45 USD, 2020-06-22}
  Assets:US:Vanguard:Cash                         -720.09 USD

2020-06-22 * "Investing 40% of cash in VBMPX"
  Assets:US:Vanguard:VBMPX                          5.752 VBMPX {41.72 USD, 2020-06-22}
  Assets:US:Vanguard:Cash                         -239.97 USD

2020-06-22 * "Investing 60% of cash in RGAGX"
  Assets:US:Vanguard:RGAGX                          2.563 RGAGX {140.45 USD, 2020-06-22}
  Assets:US:Vanguard:Cash                         -359.97 USD

2020-07-03 * "Employer match for contribution"
  Assets:US:Vanguard:Cash                          600.00 USD
  Income:US:Hoogle:Match401k                      -600.00 USD

2020-07-06 * "Investing 40% of cash in VBMPX"
  Assets:US:Vanguard:VBMPX                         11.538 VBMPX {41.60 USD, 2020-07-06}
  Assets:US:Vanguard:Cash                         -479.98 USD

2020-07-06 * "Investing 60% of cash in RGAGX"
  Assets:US:Vanguard:RGAGX                          4.980 RGAGX {144.57 USD, 2020-07-06}
  Assets:US:Vanguard:Cash                         -719.96 USD

2020-07-06 * "Investing 40% of cash in VBMPX"
  Assets:US:Vanguard:VBMPX                          5.770 VBMPX {41.60 USD, 2020-07-06}
  Assets:US:Vanguard:Cash                         -240.03 USD

2020-07-06 * "Investing 60% of cash in RGAGX"
  Assets:US:Vanguard:RGAGX                          2.490 RGAGX {144.57 USD, 2020-07-06}
  Assets:US:Vanguard:Cash                         -359.98 USD

2020-07-17 * "Employer match for contribution"
  Assets:US:Vanguard:Cash                          600.00 USD
  Income:US:Hoogle:Match401k                      -600.00 USD

2020-07-20 * "Investing 40% of cash in VBMPX"
  Assets:US:Vanguard:VBMPX                         11.348 VBMPX {42.30 USD, 2020-07-20}
  Assets:US:Vanguard:Cash                         -480.02 USD

2020-07-20 * "Investing 60% of cash in RGAGX"
  Assets:US:Vanguard:RGAGX                          4.979 RGAGX {144.60 USD, 2020-07-20}
  Assets:US:Vanguard:Cash                         -719.96 USD

2020-07-20 * "Investing 40% of cash in VBMPX"
  Assets:US:Vanguard:VBMPX                          5.674 VBMPX {42.30 USD, 2020-07-20}
  Assets:US:Vanguard:Cash                         -240.01 USD

2020-07-20 * "Investing 60% of cash in RGAGX"
  Assets:US:Vanguard:RGAGX                          2.490 RGAGX {144.60 USD, 2020-07-20}
  Assets:US:Vanguard:Cash                         -360.05 USD

2020-07-31 * "Employer match for contribution"
  Assets:US:Vanguard:Cash                          250.00 USD
  Income:US:Hoogle:Match401k                      -250.00 USD

2020-08-03 * "Investing 40% of cash in VBMPX"
  Assets:US:Vanguard:VBMPX                          4.808 VBMPX {41.60 USD, 2020-08-03}
  Assets:US:Vanguard:Cash                         -200.01 USD

2020-08-03 * "Investing 60% of cash in RGAGX"
  Assets:US:Vanguard:RGAGX                          2.063 RGAGX {145.39 USD, 2020-08-03}
  Assets:US:Vanguard:Cash                         -299.94 USD

2020-08-03 * "Investing 40% of cash in VBMPX"
  Assets:US:Vanguard:VBMPX                          2.404 VBMPX {41.60 USD, 2020-08-03}
  Assets:US:Vanguard:Cash                         -100.01 USD

2020-08-03 * "Investing 60% of cash in RGAGX"
  Assets:US:Vanguard:RGAGX                          1.032 RGAGX {145.39 USD, 2020-08-03}
  Assets:US:Vanguard:Cash                         -150.04 USD

2021-01-15 * "Employer match for contribution"
  Assets:US:Vanguard:Cash                          600.00 USD
  Income:US:Hoogle:Match401k                      -600.00 USD

2021-01-18 * "Investing 40% of cash in VBMPX"
  Assets:US:Vanguard:VBMPX                         11.636 VBMPX {41.25 USD, 2021-01-18}
  Assets:US:Vanguard:Cash                         -479.98 USD

2021-01-18 * "Investing 60% of cash in RGAGX"
  Assets:US:Vanguard:RGAGX                          4.762 RGAGX {151.20 USD, 2021-01-18}
  Assets:US:Vanguard:Cash                         -720.01 USD

2021-01-18 * "Investing 40% of cash in VBMPX"
  Assets:US:Vanguard:VBMPX                          5.818 VBMPX {41.25 USD, 2021-01-18}
  Assets:US:Vanguard:Cash                         -239.99 USD

2021-01-18 * "Investing 60% of cash in RGAGX"
  Assets:US:Vanguard:RGAGX                          2.381 RGAGX {151.20 USD, 2021-01-18}
  Assets:US:Vanguard:Cash                         -360.01 USD

2021-01-29 * "Employer match for contribution"
  Assets:US:Vanguard:Cash                          600.00 USD
  Income:US:Hoogle:Match401k                      -600.00 USD

2021-02-01 * "Investing 40% of cash in VBMPX"
  Assets:US:Vanguard:VBMPX                         11.828 VBMPX {40.58 USD, 2021-02-01}
  Assets:US:Vanguard:Cash                         -479.98 USD

2021-02-01 * "Investing 60% of cash in RGAGX"
  Assets:US:Vanguard:RGAGX                          4.795 RGAGX {150.16 USD, 2021-02-01}
  Assets:US:Vanguard:Cash                         -720.02 USD

2021-02-01 * "Investing 40% of cash in VBMPX"
  Assets:US:Vanguard:VBMPX                          5.914 VBMPX {40.58 USD, 2021-02-01}
  Assets:US:Vanguard:Cash                         -239.99 USD

2021-02-01 * "Investing 60% of cash in RGAGX"
  Assets:US:Vanguard:RGAGX                          2.397 RGAGX {150.16 USD, 2021-02-01}
  Assets:US:Vanguard:Cash                         -359.93 USD

2021-02-12 * "Employer match for contribution"
  Assets:US:Vanguard:Cash                          600.00 USD
  Income:US:Hoogle:Match401k                      -600.00 USD

2021-02-15 * "Investing 40% of cash in VBMPX"
  Assets:US:Vanguard:VBMPX                         12.252 VBMPX {39.18 USD, 2021-02-15}
  Assets:US:Vanguard:Cash                         -480.03 USD

2021-02-15 * "Investing 60% of cash in RGAGX"
  Assets:US:Vanguard:RGAGX                          4.821 RGAGX {149.35 USD, 2021-02-15}
  Assets:US:Vanguard:Cash                         -720.02 USD

2021-02-15 * "Investing 40% of cash in VBMPX"
  Assets:US:Vanguard:VBMPX                          6.126 VBMPX {39.18 USD, 2021-02-15}
  Assets:US:Vanguard:Cash                         -240.02 USD

2021-02-15 * "Investing 60% of cash in RGAGX"
  Assets:US:Vanguard:RGAGX                          2.411 RGAGX {149.35 USD, 2021-02-15}
  Assets:US:Vanguard:Cash                         -360.08 USD

2021-02-26 * "Employer match for contribution"
  Assets:US:Vanguard:Cash                          600.00 USD
  Income:US:Hoogle:Match401k                      -600.00 USD

2021-03-01 * "Investing 40% of cash in VBMPX"
  Assets:US:Vanguard:VBMPX                         12.477 VBMPX {38.47 USD, 2021-03-01}
  Assets:US:Vanguard:Cash                         -479.99 USD

2021-03-01 * "Investing 60% of cash in RGAGX"
  Assets:US:Vanguard:RGAGX                          4.792 RGAGX {150.24 USD, 2021-03-01}
  Assets:US:Vanguard:Cash                         -719.95 USD

2021-03-01 * "Investing 40% of cash in VBMPX"
  Assets:US:Vanguard:VBMPX                          6.239 VBMPX {38.47 USD, 2021-03-01}
  Assets:US:Vanguard:Cash                         -240.01 USD

2021-03-01 * "Investing 60% of cash in RGAGX"
  Assets:US:Vanguard:RGAGX                          2.396 RGAGX {150.24 USD, 2021-03-01}
  Assets:US:Vanguard:Cash                         -359.98 USD

2021-03-12 * "Employer match for contribution"
  Assets:US:Vanguard:Cash                          600.00 USD
  Income:US:Hoogle:Match401k                      -600.00 USD

2021-03-15 * "Investing 40% of cash in VBMPX"
  Assets:US:Vanguard:VBMPX                         12.732 VBMPX {37.70 USD, 2021-03-15}
  Assets:US:Vanguard:Cash                         -480.00 USD

2021-03-15 * "Investing 60% of cash in RGAGX"
  Assets:US:Vanguard:RGAGX                          4.816 RGAGX {149.50 USD, 2021-03-15}
  Assets:US:Vanguard:Cash                         -719.99 USD

2021-03-15 * "Investing 40% of cash in VBMPX"
  Assets:US:Vanguard:VBMPX                          6.366 VBMPX {37.70 USD, 2021-03-15}
  Assets:US:Vanguard:Cash                         -240.00 USD

2021-03-15 * "Investing 60% of cash in RGAGX"
  Assets:US:Vanguard:RGAGX                          2.408 RGAGX {149.50 USD, 2021-03-15}
  Assets:US:Vanguard:Cash                         -360.00 USD

2021-03-26 * "Employer match for contribution"
  Assets:US:Vanguard:Cash                          600.00 USD
  Income:US:Hoogle:Match401k                      -600.00 USD

2021-03-29 * "Investing 40% of cash in VBMPX"
  Assets:US:Vanguard:VBMPX                         13.065 VBMPX {36.74 USD, 2021-03-29}
  Assets:US:Vanguard:Cash                         -480.01 USD

2021-03-29 * "Investing 60% of cash in RGAGX"
  Assets:US:Vanguard:RGAGX                          4.695 RGAGX {153.34 USD, 2021-03-29}
  Assets:US:Vanguard:Cash                         -719.93 USD

2021-03-29 * "Investing 40% of cash in VBMPX"
  Assets:US:Vanguard:VBMPX                          6.533 VBMPX {36.74 USD, 2021-03-29}
  Assets:US:Vanguard:Cash                         -240.02 USD

2021-03-29 * "Investing 60% of cash in RGAGX"
  Assets:US:Vanguard:RGAGX                          2.348 RGAGX {153.34 USD, 2021-03-29}
  Assets:US:Vanguard:Cash                         -360.04 USD

2021-04-09 * "Employer match for contribution"
  Assets:US:Vanguard:Cash                          600.00 USD
  Income:US:Hoogle:Match401k                      -600.00 USD

2021-04-12 * "Investing 40% of cash in VBMPX"
  Assets:US:Vanguard:VBMPX                         13.019 VBMPX {36.87 USD, 2021-04-12}
  Assets:US:Vanguard:Cash                         -480.01 USD

2021-04-12 * "Investing 60% of cash in RGAGX"
  Assets:US:Vanguard:RGAGX                          4.789 RGAGX {150.35 USD, 2021-04-12}
  Assets:US:Vanguard:Cash                         -720.03 USD

2021-04-12 * "Investing 40% of cash in VBMPX"
  Assets:US:Vanguard:VBMPX                          6.509 VBMPX {36.87 USD, 2021-04-12}
  Assets:US:Vanguard:Cash                         -239.99 USD

2021-04-12 * "Investing 60% of cash in RGAGX"
  Assets:US:Vanguard:RGAGX                          2.394 RGAGX {150.35 USD, 2021-04-12}
  Assets:US:Vanguard:Cash                         -359.94 USD

2021-04-23 * "Employer match for contribution"
  Assets:US:Vanguard:Cash                          600.00 USD
  Income:US:Hoogle:Match401k                      -600.00 USD

2021-04-26 * "Investing 40% of cash in VBMPX"
  Assets:US:Vanguard:VBMPX                         13.097 VBMPX {36.65 USD, 2021-04-26}
  Assets:US:Vanguard:Cash                         -480.01 USD

2021-04-26 * "Investing 60% of cash in RGAGX"
  Assets:US:Vanguard:RGAGX                          4.824 RGAGX {149.25 USD, 2021-04-26}
  Assets:US:Vanguard:Cash                         -719.98 USD

2021-04-26 * "Investing 40% of cash in VBMPX"
  Assets:US:Vanguard:VBMPX                          6.549 VBMPX {36.65 USD, 2021-04-26}
  Assets:US:Vanguard:Cash                         -240.02 USD

2021-04-26 * "Investing 60% of cash in RGAGX"
  Assets:US:Vanguard:RGAGX                          2.412 RGAGX {149.25 USD, 2021-04-26}
  Assets:US:Vanguard:Cash                         -359.99 USD

2021-05-07 * "Employer match for contribution"
  Assets:US:Vanguard:Cash                          600.00 USD
  Income:US:Hoogle:Match401k                      -600.00 USD

2021-05-10 * "Investing 40% of cash in VBMPX"
  Assets:US:Vanguard:VBMPX                         13.382 VBMPX {35.87 USD, 2021-05-10}
  Assets:US:Vanguard:Cash                         -480.01 USD

2021-05-10 * "Investing 60% of cash in RGAGX"
  Assets:US:Vanguard:RGAGX                          4.868 RGAGX {147.91 USD, 2021-05-10}
  Assets:US:Vanguard:Cash                         -720.03 USD

2021-05-10 * "Investing 40% of cash in VBMPX"
  Assets:US:Vanguard:VBMPX                          6.691 VBMPX {35.87 USD, 2021-05-10}
  Assets:US:Vanguard:Cash                         -240.01 USD

2021-05-10 * "Investing 60% of cash in RGAGX"
  Assets:US:Vanguard:RGAGX                          2.434 RGAGX {147.91 USD, 2021-05-10}
  Assets:US:Vanguard:Cash                         -360.01 USD

2021-05-21 * "Employer match for contribution"
  Assets:US:Vanguard:Cash                          600.00 USD
  Income:US:Hoogle:Match401k                      -600.00 USD

2021-05-24 * "Investing 40% of cash in VBMPX"
  Assets:US:Vanguard:VBMPX                         12.945 VBMPX {37.08 USD, 2021-05-24}
  Assets:US:Vanguard:Cash                         -480.00 USD

2021-05-24 * "Investing 60% of cash in RGAGX"
  Assets:US:Vanguard:RGAGX                          4.898 RGAGX {147.01 USD, 2021-05-24}
  Assets:US:Vanguard:Cash                         -720.05 USD

2021-05-24 * "Investing 40% of cash in VBMPX"
  Assets:US:Vanguard:VBMPX                          6.472 VBMPX {37.08 USD, 2021-05-24}
  Assets:US:Vanguard:Cash                         -239.98 USD

2021-05-24 * "Investing 60% of cash in RGAGX"
  Assets:US:Vanguard:RGAGX                          2.449 RGAGX {147.01 USD, 2021-05-24}
  Assets:US:Vanguard:Cash                         -360.03 USD

2021-06-04 * "Employer match for contribution"
  Assets:US:Vanguard:Cash                          600.00 USD
  Income:US:Hoogle:Match401k                      -600.00 USD

2021-06-07 * "Investing 40% of cash in VBMPX"
  Assets:US:Vanguard:VBMPX                         13.143 VBMPX {36.52 USD, 2021-06-07}
  Assets:US:Vanguard:Cash                         -479.98 USD

2021-06-07 * "Investing 60% of cash in RGAGX"
  Assets:US:Vanguard:RGAGX                          4.786 RGAGX {150.43 USD, 2021-06-07}
  Assets:US:Vanguard:Cash                         -719.96 USD

2021-06-07 * "Investing 40% of cash in VBMPX"
  Assets:US:Vanguard:VBMPX                          6.572 VBMPX {36.52 USD, 2021-06-07}
  Assets:US:Vanguard:Cash                         -240.01 USD

2021-06-07 * "Investing 60% of cash in RGAGX"
  Assets:US:Vanguard:RGAGX                          2.393 RGAGX {150.43 USD, 2021-06-07}
  Assets:US:Vanguard:Cash                         -359.98 USD

2021-06-18 * "Employer match for contribution"
  Assets:US:Vanguard:Cash                          600.00 USD
  Income:US:Hoogle:Match401k                      -600.00 USD

2021-06-21 * "Investing 40% of cash in VBMPX"
  Assets:US:Vanguard:VBMPX                         13.118 VBMPX {36.59 USD, 2021-06-21}
  Assets:US:Vanguard:Cash                         -479.99 USD

2021-06-21 * "Investing 60% of cash in RGAGX"
  Assets:US:Vanguard:RGAGX                          4.762 RGAGX {151.21 USD, 2021-06-21}
  Assets:US:Vanguard:Cash                         -720.06 USD

2021-06-21 * "Investing 40% of cash in VBMPX"
  Assets:US:Vanguard:VBMPX                          6.559 VBMPX {36.59 USD, 2021-06-21}
  Assets:US:Vanguard:Cash                         -239.99 USD

2021-06-21 * "Investing 60% of cash in RGAGX"
  Assets:US:Vanguard:RGAGX                          2.381 RGAGX {151.21 USD, 2021-06-21}
  Assets:US:Vanguard:Cash                         -360.03 USD

2021-07-02 * "Employer match for contribution"
  Assets:US:Vanguard:Cash                          600.00 USD
  Income:US:Hoogle:Match401k                      -600.00 USD

2021-07-05 * "Investing 40% of cash in VBMPX"
  Assets:US:Vanguard:VBMPX                         12.704 VBMPX {37.78 USD, 2021-07-05}
  Assets:US:Vanguard:Cash                         -479.96 USD

2021-07-05 * "Investing 60% of cash in RGAGX"
  Assets:US:Vanguard:RGAGX                          4.691 RGAGX {153.49 USD, 2021-07-05}
  Assets:US:Vanguard:Cash                         -720.02 USD

2021-07-05 * "Investing 40% of cash in VBMPX"
  Assets:US:Vanguard:VBMPX                          6.352 VBMPX {37.78 USD, 2021-07-05}
  Assets:US:Vanguard:Cash                         -239.98 USD

2021-07-05 * "Investing 60% of cash in RGAGX"
  Assets:US:Vanguard:RGAGX                          2.345 RGAGX {153.49 USD, 2021-07-05}
  Assets:US:Vanguard:Cash                         -359.93 USD

2021-07-16 * "Employer match for contribution"
  Assets:US:Vanguard:Cash                          600.00 USD
  Income:US:Hoogle:Match401k                      -600.00 USD

2021-07-19 * "Investing 40% of cash in VBMPX"
  Assets:US:Vanguard:VBMPX                         13.026 VBMPX {36.85 USD, 2021-07-19}
  Assets:US:Vanguard:Cash                         -480.01 USD

2021-07-19 * "Investing 60% of cash in RGAGX"
  Assets:US:Vanguard:RGAGX                          4.685 RGAGX {153.68 USD, 2021-07-19}
  Assets:US:Vanguard:Cash                         -719.99 USD

2021-07-19 * "Investing 40% of cash in VBMPX"
  Assets:US:Vanguard:VBMPX                          6.513 VBMPX {36.85 USD, 2021-07-19}
  Assets:US:Vanguard:Cash                         -240.00 USD

2021-07-19 * "Investing 60% of cash in RGAGX"
  Assets:US:Vanguard:RGAGX                          2.343 RGAGX {153.68 USD, 2021-07-19}
  Assets:US:Vanguard:Cash                         -360.07 USD

2021-07-30 * "Employer match for contribution"
  Assets:US:Vanguard:Cash                          600.00 USD
  Income:US:Hoogle:Match401k                      -600.00 USD

2021-08-02 * "Investing 40% of cash in VBMPX"
  Assets:US:Vanguard:VBMPX                         12.532 VBMPX {38.30 USD, 2021-08-02}
  Assets:US:Vanguard:Cash                         -479.98 USD

2021-08-02 * "Investing 60% of cash in RGAGX"
  Assets:US:Vanguard:RGAGX                          4.753 RGAGX {151.48 USD, 2021-08-02}
  Assets:US:Vanguard:Cash                         -719.98 USD

2021-08-02 * "Investing 40% of cash in VBMPX"
  Assets:US:Vanguard:VBMPX                          6.266 VBMPX {38.30 USD, 2021-08-02}
  Assets:US:Vanguard:Cash                         -239.99 USD

2021-08-02 * "Investing 60% of cash in RGAGX"
  Assets:US:Vanguard:RGAGX                          2.377 RGAGX {151.48 USD, 2021-08-02}
  Assets:US:Vanguard:Cash                         -360.07 USD

2021-08-13 * "Employer match for contribution"
  Assets:US:Vanguard:Cash                          250.00 USD
  Income:US:Hoogle:Match401k                      -250.00 USD

2021-08-16 * "Investing 40% of cash in VBMPX"
  Assets:US:Vanguard:VBMPX                          4.994 VBMPX {40.04 USD, 2021-08-16}
  Assets:US:Vanguard:Cash                         -199.96 USD

2021-08-16 * "Investing 60% of cash in RGAGX"
  Assets:US:Vanguard:RGAGX                          2.009 RGAGX {149.33 USD, 2021-08-16}
  Assets:US:Vanguard:Cash                         -300.00 USD

2021-08-16 * "Investing 40% of cash in VBMPX"
  Assets:US:Vanguard:VBMPX                          2.497 VBMPX {40.04 USD, 2021-08-16}
  Assets:US:Vanguard:Cash                          -99.98 USD

2021-08-16 * "Investing 60% of cash in RGAGX"
  Assets:US:Vanguard:RGAGX                          1.004 RGAGX {149.33 USD, 2021-08-16}
  Assets:US:Vanguard:Cash                         -149.93 USD



* Sources of Income

2019-01-01 open Income:US:Hoogle:Salary                      USD
2019-01-01 open Income:US:Hoogle:GroupTermLife               USD
2019-01-01 open Income:US:Hoogle:Vacation                    VACHR
2019-01-01 open Assets:US:Hoogle:Vacation                    VACHR
  balance_sheet_category: "Assets:Non-current assets:Vacation"
  equity_category: "Equity:Non-current equity:Non-current assets"
2019-01-01 open Expenses:Vacation                               VACHR
2019-01-01 open Expenses:Health:Life:GroupTermLife
2019-01-01 open Expenses:Health:Medical:Insurance
2019-01-01 open Expenses:Health:Dental:Insurance
2019-01-01 open Expenses:Health:Vision:Insurance

2019-01-01 event "employer" "Hoogle, 1600 Amphibious Parkway, River View, CA"

2019-01-03 * "Hoogle" "Payroll"
  Assets:US:BofA:Checking                         1350.60 USD
  Assets:US:Vanguard:Cash                         1200.00 USD
  Income:US:Hoogle:Salary                        -4615.38 USD
  Income:US:Hoogle:GroupTermLife                   -24.32 USD
  Expenses:Health:Life:GroupTermLife                24.32 USD
  Expenses:Health:Dental:Insurance                   2.90 USD
  Expenses:Health:Medical:Insurance                 27.38 USD
  Expenses:Health:Vision:Insurance                  42.30 USD
  Expenses:Taxes:Y2019:US:Medicare                 106.62 USD
  Expenses:Taxes:Y2019:US:Federal                 1062.92 USD
  Expenses:Taxes:Y2019:US:State                    365.08 USD
  Expenses:Taxes:Y2019:US:CityNYC                  174.92 USD
  Expenses:Taxes:Y2019:US:SDI                        1.12 USD
  Expenses:Taxes:Y2019:US:SocSec                   281.54 USD
  Assets:US:Federal:PreTax401k                   -1200.00 IRAUSD
  Expenses:Taxes:Y2019:US:Federal:PreTax401k      1200.00 IRAUSD
  Assets:US:Hoogle:Vacation                             5 VACHR
  Income:US:Hoogle:Vacation                            -5 VACHR

2019-01-17 * "Hoogle" "Payroll"
  Assets:US:BofA:Checking                         1350.60 USD
  Assets:US:Vanguard:Cash                         1200.00 USD
  Income:US:Hoogle:Salary                        -4615.38 USD
  Income:US:Hoogle:GroupTermLife                   -24.32 USD
  Expenses:Health:Life:GroupTermLife                24.32 USD
  Expenses:Health:Dental:Insurance                   2.90 USD
  Expenses:Health:Medical:Insurance                 27.38 USD
  Expenses:Health:Vision:Insurance                  42.30 USD
  Expenses:Taxes:Y2019:US:Medicare                 106.62 USD
  Expenses:Taxes:Y2019:US:Federal                 1062.92 USD
  Expenses:Taxes:Y2019:US:State                    365.08 USD
  Expenses:Taxes:Y2019:US:CityNYC                  174.92 USD
  Expenses:Taxes:Y2019:US:SDI                        1.12 USD
  Expenses:Taxes:Y2019:US:SocSec                   281.54 USD
  Assets:US:Federal:PreTax401k                   -1200.00 IRAUSD
  Expenses:Taxes:Y2019:US:Federal:PreTax401k      1200.00 IRAUSD
  Assets:US:Hoogle:Vacation                             5 VACHR
  Income:US:Hoogle:Vacation                            -5 VACHR

2019-01-31 * "Hoogle" "Payroll"
  Assets:US:BofA:Checking                         1350.60 USD
  Assets:US:Vanguard:Cash                         1200.00 USD
  Income:US:Hoogle:Salary                        -4615.38 USD
  Income:US:Hoogle:GroupTermLife                   -24.32 USD
  Expenses:Health:Life:GroupTermLife                24.32 USD
  Expenses:Health:Dental:Insurance                   2.90 USD
  Expenses:Health:Medical:Insurance                 27.38 USD
  Expenses:Health:Vision:Insurance                  42.30 USD
  Expenses:Taxes:Y2019:US:Medicare                 106.62 USD
  Expenses:Taxes:Y2019:US:Federal                 1062.92 USD
  Expenses:Taxes:Y2019:US:State                    365.08 USD
  Expenses:Taxes:Y2019:US:CityNYC                  174.92 USD
  Expenses:Taxes:Y2019:US:SDI                        1.12 USD
  Expenses:Taxes:Y2019:US:SocSec                   281.54 USD
  Assets:US:Federal:PreTax401k                   -1200.00 IRAUSD
  Expenses:Taxes:Y2019:US:Federal:PreTax401k      1200.00 IRAUSD
  Assets:US:Hoogle:Vacation                             5 VACHR
  Income:US:Hoogle:Vacation                            -5 VACHR

2019-02-14 * "Hoogle" "Payroll"
  Assets:US:BofA:Checking                         1350.60 USD
  Assets:US:Vanguard:Cash                         1200.00 USD
  Income:US:Hoogle:Salary                        -4615.38 USD
  Income:US:Hoogle:GroupTermLife                   -24.32 USD
  Expenses:Health:Life:GroupTermLife                24.32 USD
  Expenses:Health:Dental:Insurance                   2.90 USD
  Expenses:Health:Medical:Insurance                 27.38 USD
  Expenses:Health:Vision:Insurance                  42.30 USD
  Expenses:Taxes:Y2019:US:Medicare                 106.62 USD
  Expenses:Taxes:Y2019:US:Federal                 1062.92 USD
  Expenses:Taxes:Y2019:US:State                    365.08 USD
  Expenses:Taxes:Y2019:US:CityNYC                  174.92 USD
  Expenses:Taxes:Y2019:US:SDI                        1.12 USD
  Expenses:Taxes:Y2019:US:SocSec                   281.54 USD
  Assets:US:Federal:PreTax401k                   -1200.00 IRAUSD
  Expenses:Taxes:Y2019:US:Federal:PreTax401k      1200.00 IRAUSD
  Assets:US:Hoogle:Vacation                             5 VACHR
  Income:US:Hoogle:Vacation                            -5 VACHR

2019-02-28 * "Hoogle" "Payroll"
  Assets:US:BofA:Checking                         1350.60 USD
  Assets:US:Vanguard:Cash                         1200.00 USD
  Income:US:Hoogle:Salary                        -4615.38 USD
  Income:US:Hoogle:GroupTermLife                   -24.32 USD
  Expenses:Health:Life:GroupTermLife                24.32 USD
  Expenses:Health:Dental:Insurance                   2.90 USD
  Expenses:Health:Medical:Insurance                 27.38 USD
  Expenses:Health:Vision:Insurance                  42.30 USD
  Expenses:Taxes:Y2019:US:Medicare                 106.62 USD
  Expenses:Taxes:Y2019:US:Federal                 1062.92 USD
  Expenses:Taxes:Y2019:US:State                    365.08 USD
  Expenses:Taxes:Y2019:US:CityNYC                  174.92 USD
  Expenses:Taxes:Y2019:US:SDI                        1.12 USD
  Expenses:Taxes:Y2019:US:SocSec                   281.54 USD
  Assets:US:Federal:PreTax401k                   -1200.00 IRAUSD
  Expenses:Taxes:Y2019:US:Federal:PreTax401k      1200.00 IRAUSD
  Assets:US:Hoogle:Vacation                             5 VACHR
  Income:US:Hoogle:Vacation                            -5 VACHR

2019-03-14 * "Hoogle" "Payroll"
  Assets:US:BofA:Checking                         1350.60 USD
  Assets:US:Vanguard:Cash                         1200.00 USD
  Income:US:Hoogle:Salary                        -4615.38 USD
  Income:US:Hoogle:GroupTermLife                   -24.32 USD
  Expenses:Health:Life:GroupTermLife                24.32 USD
  Expenses:Health:Dental:Insurance                   2.90 USD
  Expenses:Health:Medical:Insurance                 27.38 USD
  Expenses:Health:Vision:Insurance                  42.30 USD
  Expenses:Taxes:Y2019:US:Medicare                 106.62 USD
  Expenses:Taxes:Y2019:US:Federal                 1062.92 USD
  Expenses:Taxes:Y2019:US:State                    365.08 USD
  Expenses:Taxes:Y2019:US:CityNYC                  174.92 USD
  Expenses:Taxes:Y2019:US:SDI                        1.12 USD
  Expenses:Taxes:Y2019:US:SocSec                   281.54 USD
  Assets:US:Federal:PreTax401k                   -1200.00 IRAUSD
  Expenses:Taxes:Y2019:US:Federal:PreTax401k      1200.00 IRAUSD
  Assets:US:Hoogle:Vacation                             5 VACHR
  Income:US:Hoogle:Vacation                            -5 VACHR

2019-03-28 * "Hoogle" "Payroll"
  Assets:US:BofA:Checking                         1350.60 USD
  Assets:US:Vanguard:Cash                         1200.00 USD
  Income:US:Hoogle:Salary                        -4615.38 USD
  Income:US:Hoogle:GroupTermLife                   -24.32 USD
  Expenses:Health:Life:GroupTermLife                24.32 USD
  Expenses:Health:Dental:Insurance                   2.90 USD
  Expenses:Health:Medical:Insurance                 27.38 USD
  Expenses:Health:Vision:Insurance                  42.30 USD
  Expenses:Taxes:Y2019:US:Medicare                 106.62 USD
  Expenses:Taxes:Y2019:US:Federal                 1062.92 USD
  Expenses:Taxes:Y2019:US:State                    365.08 USD
  Expenses:Taxes:Y2019:US:CityNYC                  174.92 USD
  Expenses:Taxes:Y2019:US:SDI                        1.12 USD
  Expenses:Taxes:Y2019:US:SocSec                   281.54 USD
  Assets:US:Federal:PreTax401k                   -1200.00 IRAUSD
  Expenses:Taxes:Y2019:US:Federal:PreTax401k      1200.00 IRAUSD
  Assets:US:Hoogle:Vacation                             5 VACHR
  Income:US:Hoogle:Vacation                            -5 VACHR

2019-04-11 * "Hoogle" "Payroll"
  Assets:US:BofA:Checking                         1350.60 USD
  Assets:US:Vanguard:Cash                         1200.00 USD
  Income:US:Hoogle:Salary                        -4615.38 USD
  Income:US:Hoogle:GroupTermLife                   -24.32 USD
  Expenses:Health:Life:GroupTermLife                24.32 USD
  Expenses:Health:Dental:Insurance                   2.90 USD
  Expenses:Health:Medical:Insurance                 27.38 USD
  Expenses:Health:Vision:Insurance                  42.30 USD
  Expenses:Taxes:Y2019:US:Medicare                 106.62 USD
  Expenses:Taxes:Y2019:US:Federal                 1062.92 USD
  Expenses:Taxes:Y2019:US:State                    365.08 USD
  Expenses:Taxes:Y2019:US:CityNYC                  174.92 USD
  Expenses:Taxes:Y2019:US:SDI                        1.12 USD
  Expenses:Taxes:Y2019:US:SocSec                   281.54 USD
  Assets:US:Federal:PreTax401k                   -1200.00 IRAUSD
  Expenses:Taxes:Y2019:US:Federal:PreTax401k      1200.00 IRAUSD
  Assets:US:Hoogle:Vacation                             5 VACHR
  Income:US:Hoogle:Vacation                            -5 VACHR

2019-04-25 * "Hoogle" "Payroll"
  Assets:US:BofA:Checking                         1350.60 USD
  Assets:US:Vanguard:Cash                         1200.00 USD
  Income:US:Hoogle:Salary                        -4615.38 USD
  Income:US:Hoogle:GroupTermLife                   -24.32 USD
  Expenses:Health:Life:GroupTermLife                24.32 USD
  Expenses:Health:Dental:Insurance                   2.90 USD
  Expenses:Health:Medical:Insurance                 27.38 USD
  Expenses:Health:Vision:Insurance                  42.30 USD
  Expenses:Taxes:Y2019:US:Medicare                 106.62 USD
  Expenses:Taxes:Y2019:US:Federal                 1062.92 USD
  Expenses:Taxes:Y2019:US:State                    365.08 USD
  Expenses:Taxes:Y2019:US:CityNYC                  174.92 USD
  Expenses:Taxes:Y2019:US:SDI                        1.12 USD
  Expenses:Taxes:Y2019:US:SocSec                   281.54 USD
  Assets:US:Federal:PreTax401k                   -1200.00 IRAUSD
  Expenses:Taxes:Y2019:US:Federal:PreTax401k      1200.00 IRAUSD
  Assets:US:Hoogle:Vacation                             5 VACHR
  Income:US:Hoogle:Vacation                            -5 VACHR

2019-05-09 * "Hoogle" "Payroll"
  Assets:US:BofA:Checking                         1350.60 USD
  Assets:US:Vanguard:Cash                         1200.00 USD
  Income:US:Hoogle:Salary                        -4615.38 USD
  Income:US:Hoogle:GroupTermLife                   -24.32 USD
  Expenses:Health:Life:GroupTermLife                24.32 USD
  Expenses:Health:Dental:Insurance                   2.90 USD
  Expenses:Health:Medical:Insurance                 27.38 USD
  Expenses:Health:Vision:Insurance                  42.30 USD
  Expenses:Taxes:Y2019:US:Medicare                 106.62 USD
  Expenses:Taxes:Y2019:US:Federal                 1062.92 USD
  Expenses:Taxes:Y2019:US:State                    365.08 USD
  Expenses:Taxes:Y2019:US:CityNYC                  174.92 USD
  Expenses:Taxes:Y2019:US:SDI                        1.12 USD
  Expenses:Taxes:Y2019:US:SocSec                   281.54 USD
  Assets:US:Federal:PreTax401k                   -1200.00 IRAUSD
  Expenses:Taxes:Y2019:US:Federal:PreTax401k      1200.00 IRAUSD
  Assets:US:Hoogle:Vacation                             5 VACHR
  Income:US:Hoogle:Vacation                            -5 VACHR

2019-05-23 * "Hoogle" "Payroll"
  Assets:US:BofA:Checking                         1350.60 USD
  Assets:US:Vanguard:Cash                         1200.00 USD
  Income:US:Hoogle:Salary                        -4615.38 USD
  Income:US:Hoogle:GroupTermLife                   -24.32 USD
  Expenses:Health:Life:GroupTermLife                24.32 USD
  Expenses:Health:Dental:Insurance                   2.90 USD
  Expenses:Health:Medical:Insurance                 27.38 USD
  Expenses:Health:Vision:Insurance                  42.30 USD
  Expenses:Taxes:Y2019:US:Medicare                 106.62 USD
  Expenses:Taxes:Y2019:US:Federal                 1062.92 USD
  Expenses:Taxes:Y2019:US:State                    365.08 USD
  Expenses:Taxes:Y2019:US:CityNYC                  174.92 USD
  Expenses:Taxes:Y2019:US:SDI                        1.12 USD
  Expenses:Taxes:Y2019:US:SocSec                   281.54 USD
  Assets:US:Federal:PreTax401k                   -1200.00 IRAUSD
  Expenses:Taxes:Y2019:US:Federal:PreTax401k      1200.00 IRAUSD
  Assets:US:Hoogle:Vacation                             5 VACHR
  Income:US:Hoogle:Vacation                            -5 VACHR

2019-06-06 * "Hoogle" "Payroll"
  Assets:US:BofA:Checking                         1350.60 USD
  Assets:US:Vanguard:Cash                         1200.00 USD
  Income:US:Hoogle:Salary                        -4615.38 USD
  Income:US:Hoogle:GroupTermLife                   -24.32 USD
  Expenses:Health:Life:GroupTermLife                24.32 USD
  Expenses:Health:Dental:Insurance                   2.90 USD
  Expenses:Health:Medical:Insurance                 27.38 USD
  Expenses:Health:Vision:Insurance                  42.30 USD
  Expenses:Taxes:Y2019:US:Medicare                 106.62 USD
  Expenses:Taxes:Y2019:US:Federal                 1062.92 USD
  Expenses:Taxes:Y2019:US:State                    365.08 USD
  Expenses:Taxes:Y2019:US:CityNYC                  174.92 USD
  Expenses:Taxes:Y2019:US:SDI                        1.12 USD
  Expenses:Taxes:Y2019:US:SocSec                   281.54 USD
  Assets:US:Federal:PreTax401k                   -1200.00 IRAUSD
  Expenses:Taxes:Y2019:US:Federal:PreTax401k      1200.00 IRAUSD
  Assets:US:Hoogle:Vacation                             5 VACHR
  Income:US:Hoogle:Vacation                            -5 VACHR

2019-06-20 * "Hoogle" "Payroll"
  Assets:US:BofA:Checking                         1350.60 USD
  Assets:US:Vanguard:Cash                         1200.00 USD
  Income:US:Hoogle:Salary                        -4615.38 USD
  Income:US:Hoogle:GroupTermLife                   -24.32 USD
  Expenses:Health:Life:GroupTermLife                24.32 USD
  Expenses:Health:Dental:Insurance                   2.90 USD
  Expenses:Health:Medical:Insurance                 27.38 USD
  Expenses:Health:Vision:Insurance                  42.30 USD
  Expenses:Taxes:Y2019:US:Medicare                 106.62 USD
  Expenses:Taxes:Y2019:US:Federal                 1062.92 USD
  Expenses:Taxes:Y2019:US:State                    365.08 USD
  Expenses:Taxes:Y2019:US:CityNYC                  174.92 USD
  Expenses:Taxes:Y2019:US:SDI                        1.12 USD
  Expenses:Taxes:Y2019:US:SocSec                   281.54 USD
  Assets:US:Federal:PreTax401k                   -1200.00 IRAUSD
  Expenses:Taxes:Y2019:US:Federal:PreTax401k      1200.00 IRAUSD
  Assets:US:Hoogle:Vacation                             5 VACHR
  Income:US:Hoogle:Vacation                            -5 VACHR

2019-07-04 * "Hoogle" "Payroll"
  Assets:US:BofA:Checking                         1350.60 USD
  Assets:US:Vanguard:Cash                         1200.00 USD
  Income:US:Hoogle:Salary                        -4615.38 USD
  Income:US:Hoogle:GroupTermLife                   -24.32 USD
  Expenses:Health:Life:GroupTermLife                24.32 USD
  Expenses:Health:Dental:Insurance                   2.90 USD
  Expenses:Health:Medical:Insurance                 27.38 USD
  Expenses:Health:Vision:Insurance                  42.30 USD
  Expenses:Taxes:Y2019:US:Medicare                 106.62 USD
  Expenses:Taxes:Y2019:US:Federal                 1062.92 USD
  Expenses:Taxes:Y2019:US:State                    365.08 USD
  Expenses:Taxes:Y2019:US:CityNYC                  174.92 USD
  Expenses:Taxes:Y2019:US:SDI                        1.12 USD
  Expenses:Taxes:Y2019:US:SocSec                   281.54 USD
  Assets:US:Federal:PreTax401k                   -1200.00 IRAUSD
  Expenses:Taxes:Y2019:US:Federal:PreTax401k      1200.00 IRAUSD
  Assets:US:Hoogle:Vacation                             5 VACHR
  Income:US:Hoogle:Vacation                            -5 VACHR

2019-07-18 * "Hoogle" "Payroll"
  Assets:US:BofA:Checking                         1350.60 USD
  Assets:US:Vanguard:Cash                         1200.00 USD
  Income:US:Hoogle:Salary                        -4615.38 USD
  Income:US:Hoogle:GroupTermLife                   -24.32 USD
  Expenses:Health:Life:GroupTermLife                24.32 USD
  Expenses:Health:Dental:Insurance                   2.90 USD
  Expenses:Health:Medical:Insurance                 27.38 USD
  Expenses:Health:Vision:Insurance                  42.30 USD
  Expenses:Taxes:Y2019:US:Medicare                 106.62 USD
  Expenses:Taxes:Y2019:US:Federal                 1062.92 USD
  Expenses:Taxes:Y2019:US:State                    365.08 USD
  Expenses:Taxes:Y2019:US:CityNYC                  174.92 USD
  Expenses:Taxes:Y2019:US:SDI                        1.12 USD
  Expenses:Taxes:Y2019:US:SocSec                   281.54 USD
  Assets:US:Federal:PreTax401k                   -1200.00 IRAUSD
  Expenses:Taxes:Y2019:US:Federal:PreTax401k      1200.00 IRAUSD
  Assets:US:Hoogle:Vacation                             5 VACHR
  Income:US:Hoogle:Vacation                            -5 VACHR

2019-08-01 * "Hoogle" "Payroll"
  Assets:US:BofA:Checking                         2050.60 USD
  Assets:US:Vanguard:Cash                          500.00 USD
  Income:US:Hoogle:Salary                        -4615.38 USD
  Income:US:Hoogle:GroupTermLife                   -24.32 USD
  Expenses:Health:Life:GroupTermLife                24.32 USD
  Expenses:Health:Dental:Insurance                   2.90 USD
  Expenses:Health:Medical:Insurance                 27.38 USD
  Expenses:Health:Vision:Insurance                  42.30 USD
  Expenses:Taxes:Y2019:US:Medicare                 106.62 USD
  Expenses:Taxes:Y2019:US:Federal                 1062.92 USD
  Expenses:Taxes:Y2019:US:State                    365.08 USD
  Expenses:Taxes:Y2019:US:CityNYC                  174.92 USD
  Expenses:Taxes:Y2019:US:SDI                        1.12 USD
  Expenses:Taxes:Y2019:US:SocSec                   281.54 USD
  Assets:US:Federal:PreTax401k                    -500.00 IRAUSD
  Expenses:Taxes:Y2019:US:Federal:PreTax401k       500.00 IRAUSD
  Assets:US:Hoogle:Vacation                             5 VACHR
  Income:US:Hoogle:Vacation                            -5 VACHR

2019-08-15 * "Hoogle" "Payroll"
  Assets:US:BofA:Checking                         2550.60 USD
  Income:US:Hoogle:Salary                        -4615.38 USD
  Income:US:Hoogle:GroupTermLife                   -24.32 USD
  Expenses:Health:Life:GroupTermLife                24.32 USD
  Expenses:Health:Dental:Insurance                   2.90 USD
  Expenses:Health:Medical:Insurance                 27.38 USD
  Expenses:Health:Vision:Insurance                  42.30 USD
  Expenses:Taxes:Y2019:US:Medicare                 106.62 USD
  Expenses:Taxes:Y2019:US:Federal                 1062.92 USD
  Expenses:Taxes:Y2019:US:State                    365.08 USD
  Expenses:Taxes:Y2019:US:CityNYC                  174.92 USD
  Expenses:Taxes:Y2019:US:SDI                        1.12 USD
  Expenses:Taxes:Y2019:US:SocSec                   281.54 USD
  Assets:US:Federal:PreTax401k                       0.00 IRAUSD
  Assets:US:Hoogle:Vacation                             5 VACHR
  Income:US:Hoogle:Vacation                            -5 VACHR

2019-08-29 * "Hoogle" "Payroll"
  Assets:US:BofA:Checking                         2550.60 USD
  Income:US:Hoogle:Salary                        -4615.38 USD
  Income:US:Hoogle:GroupTermLife                   -24.32 USD
  Expenses:Health:Life:GroupTermLife                24.32 USD
  Expenses:Health:Dental:Insurance                   2.90 USD
  Expenses:Health:Medical:Insurance                 27.38 USD
  Expenses:Health:Vision:Insurance                  42.30 USD
  Expenses:Taxes:Y2019:US:Medicare                 106.62 USD
  Expenses:Taxes:Y2019:US:Federal                 1062.92 USD
  Expenses:Taxes:Y2019:US:State                    365.08 USD
  Expenses:Taxes:Y2019:US:CityNYC                  174.92 USD
  Expenses:Taxes:Y2019:US:SDI                        1.12 USD
  Expenses:Taxes:Y2019:US:SocSec                   281.54 USD
  Assets:US:Federal:PreTax401k                       0.00 IRAUSD
  Assets:US:Hoogle:Vacation                             5 VACHR
  Income:US:Hoogle:Vacation                            -5 VACHR

2019-09-12 * "Hoogle" "Payroll"
  Assets:US:BofA:Checking                         2550.60 USD
  Income:US:Hoogle:Salary                        -4615.38 USD
  Income:US:Hoogle:GroupTermLife                   -24.32 USD
  Expenses:Health:Life:GroupTermLife                24.32 USD
  Expenses:Health:Dental:Insurance                   2.90 USD
  Expenses:Health:Medical:Insurance                 27.38 USD
  Expenses:Health:Vision:Insurance                  42.30 USD
  Expenses:Taxes:Y2019:US:Medicare                 106.62 USD
  Expenses:Taxes:Y2019:US:Federal                 1062.92 USD
  Expenses:Taxes:Y2019:US:State                    365.08 USD
  Expenses:Taxes:Y2019:US:CityNYC                  174.92 USD
  Expenses:Taxes:Y2019:US:SDI                        1.12 USD
  Expenses:Taxes:Y2019:US:SocSec                   281.54 USD
  Assets:US:Federal:PreTax401k                       0.00 IRAUSD
  Assets:US:Hoogle:Vacation                             5 VACHR
  Income:US:Hoogle:Vacation                            -5 VACHR

2019-09-26 * "Hoogle" "Payroll"
  Assets:US:BofA:Checking                         2550.60 USD
  Income:US:Hoogle:Salary                        -4615.38 USD
  Income:US:Hoogle:GroupTermLife                   -24.32 USD
  Expenses:Health:Life:GroupTermLife                24.32 USD
  Expenses:Health:Dental:Insurance                   2.90 USD
  Expenses:Health:Medical:Insurance                 27.38 USD
  Expenses:Health:Vision:Insurance                  42.30 USD
  Expenses:Taxes:Y2019:US:Medicare                 106.62 USD
  Expenses:Taxes:Y2019:US:Federal                 1062.92 USD
  Expenses:Taxes:Y2019:US:State                    365.08 USD
  Expenses:Taxes:Y2019:US:CityNYC                  174.92 USD
  Expenses:Taxes:Y2019:US:SDI                        1.12 USD
  Expenses:Taxes:Y2019:US:SocSec                   281.54 USD
  Assets:US:Federal:PreTax401k                       0.00 IRAUSD
  Assets:US:Hoogle:Vacation                             5 VACHR
  Income:US:Hoogle:Vacation                            -5 VACHR

2019-10-10 * "Hoogle" "Payroll"
  Assets:US:BofA:Checking                         2550.60 USD
  Income:US:Hoogle:Salary                        -4615.38 USD
  Income:US:Hoogle:GroupTermLife                   -24.32 USD
  Expenses:Health:Life:GroupTermLife                24.32 USD
  Expenses:Health:Dental:Insurance                   2.90 USD
  Expenses:Health:Medical:Insurance                 27.38 USD
  Expenses:Health:Vision:Insurance                  42.30 USD
  Expenses:Taxes:Y2019:US:Medicare                 106.62 USD
  Expenses:Taxes:Y2019:US:Federal                 1062.92 USD
  Expenses:Taxes:Y2019:US:State                    365.08 USD
  Expenses:Taxes:Y2019:US:CityNYC                  174.92 USD
  Expenses:Taxes:Y2019:US:SDI                        1.12 USD
  Expenses:Taxes:Y2019:US:SocSec                   281.54 USD
  Assets:US:Federal:PreTax401k                       0.00 IRAUSD
  Assets:US:Hoogle:Vacation                             5 VACHR
  Income:US:Hoogle:Vacation                            -5 VACHR

2019-10-24 * "Hoogle" "Payroll"
  Assets:US:BofA:Checking                         2550.60 USD
  Income:US:Hoogle:Salary                        -4615.38 USD
  Income:US:Hoogle:GroupTermLife                   -24.32 USD
  Expenses:Health:Life:GroupTermLife                24.32 USD
  Expenses:Health:Dental:Insurance                   2.90 USD
  Expenses:Health:Medical:Insurance                 27.38 USD
  Expenses:Health:Vision:Insurance                  42.30 USD
  Expenses:Taxes:Y2019:US:Medicare                 106.62 USD
  Expenses:Taxes:Y2019:US:Federal                 1062.92 USD
  Expenses:Taxes:Y2019:US:State                    365.08 USD
  Expenses:Taxes:Y2019:US:CityNYC                  174.92 USD
  Expenses:Taxes:Y2019:US:SDI                        1.12 USD
  Expenses:Taxes:Y2019:US:SocSec                   281.54 USD
  Assets:US:Federal:PreTax401k                       0.00 IRAUSD
  Assets:US:Hoogle:Vacation                             5 VACHR
  Income:US:Hoogle:Vacation                            -5 VACHR

2019-11-07 * "Hoogle" "Payroll"
  Assets:US:BofA:Checking                         2550.60 USD
  Income:US:Hoogle:Salary                        -4615.38 USD
  Income:US:Hoogle:GroupTermLife                   -24.32 USD
  Expenses:Health:Life:GroupTermLife                24.32 USD
  Expenses:Health:Dental:Insurance                   2.90 USD
  Expenses:Health:Medical:Insurance                 27.38 USD
  Expenses:Health:Vision:Insurance                  42.30 USD
  Expenses:Taxes:Y2019:US:Medicare                 106.62 USD
  Expenses:Taxes:Y2019:US:Federal                 1062.92 USD
  Expenses:Taxes:Y2019:US:State                    365.08 USD
  Expenses:Taxes:Y2019:US:CityNYC                  174.92 USD
  Expenses:Taxes:Y2019:US:SDI                        1.12 USD
  Expenses:Taxes:Y2019:US:SocSec                   281.54 USD
  Assets:US:Federal:PreTax401k                       0.00 IRAUSD
  Assets:US:Hoogle:Vacation                             5 VACHR
  Income:US:Hoogle:Vacation                            -5 VACHR

2019-11-21 * "Hoogle" "Payroll"
  Assets:US:BofA:Checking                         2550.60 USD
  Income:US:Hoogle:Salary                        -4615.38 USD
  Income:US:Hoogle:GroupTermLife                   -24.32 USD
  Expenses:Health:Life:GroupTermLife                24.32 USD
  Expenses:Health:Dental:Insurance                   2.90 USD
  Expenses:Health:Medical:Insurance                 27.38 USD
  Expenses:Health:Vision:Insurance                  42.30 USD
  Expenses:Taxes:Y2019:US:Medicare                 106.62 USD
  Expenses:Taxes:Y2019:US:Federal                 1062.92 USD
  Expenses:Taxes:Y2019:US:State                    365.08 USD
  Expenses:Taxes:Y2019:US:CityNYC                  174.92 USD
  Expenses:Taxes:Y2019:US:SDI                        1.12 USD
  Expenses:Taxes:Y2019:US:SocSec                   281.54 USD
  Assets:US:Federal:PreTax401k                       0.00 IRAUSD
  Assets:US:Hoogle:Vacation                             5 VACHR
  Income:US:Hoogle:Vacation                            -5 VACHR

2019-12-05 * "Hoogle" "Payroll"
  Assets:US:BofA:Checking                         2589.06 USD
  Income:US:Hoogle:Salary                        -4615.38 USD
  Income:US:Hoogle:GroupTermLife                   -24.32 USD
  Expenses:Health:Life:GroupTermLife                24.32 USD
  Expenses:Health:Dental:Insurance                   2.90 USD
  Expenses:Health:Medical:Insurance                 27.38 USD
  Expenses:Health:Vision:Insurance                  42.30 USD
  Expenses:Taxes:Y2019:US:Medicare                 106.62 USD
  Expenses:Taxes:Y2019:US:Federal                 1062.92 USD
  Expenses:Taxes:Y2019:US:State                    365.08 USD
  Expenses:Taxes:Y2019:US:CityNYC                  174.92 USD
  Expenses:Taxes:Y2019:US:SDI                        1.12 USD
  Expenses:Taxes:Y2019:US:SocSec                   243.08 USD
  Assets:US:Federal:PreTax401k                       0.00 IRAUSD
  Assets:US:Hoogle:Vacation                             5 VACHR
  Income:US:Hoogle:Vacation                            -5 VACHR

2019-12-19 * "Hoogle" "Payroll"
  Assets:US:BofA:Checking                         2832.14 USD
  Income:US:Hoogle:Salary                        -4615.38 USD
  Income:US:Hoogle:GroupTermLife                   -24.32 USD
  Expenses:Health:Life:GroupTermLife                24.32 USD
  Expenses:Health:Dental:Insurance                   2.90 USD
  Expenses:Health:Medical:Insurance                 27.38 USD
  Expenses:Health:Vision:Insurance                  42.30 USD
  Expenses:Taxes:Y2019:US:Medicare                 106.62 USD
  Expenses:Taxes:Y2019:US:Federal                 1062.92 USD
  Expenses:Taxes:Y2019:US:State                    365.08 USD
  Expenses:Taxes:Y2019:US:CityNYC                  174.92 USD
  Expenses:Taxes:Y2019:US:SDI                        1.12 USD
  Expenses:Taxes:Y2019:US:SocSec                     0.00 USD
  Assets:US:Federal:PreTax401k                       0.00 IRAUSD
  Assets:US:Hoogle:Vacation                             5 VACHR
  Income:US:Hoogle:Vacation                            -5 VACHR

2020-01-02 * "Hoogle" "Payroll"
  Assets:US:BofA:Checking                         1350.60 USD
  Assets:US:Vanguard:Cash                         1200.00 USD
  Income:US:Hoogle:Salary                        -4615.38 USD
  Income:US:Hoogle:GroupTermLife                   -24.32 USD
  Expenses:Health:Life:GroupTermLife                24.32 USD
  Expenses:Health:Dental:Insurance                   2.90 USD
  Expenses:Health:Medical:Insurance                 27.38 USD
  Expenses:Health:Vision:Insurance                  42.30 USD
  Expenses:Taxes:Y2020:US:Medicare                 106.62 USD
  Expenses:Taxes:Y2020:US:Federal                 1062.92 USD
  Expenses:Taxes:Y2020:US:State                    365.08 USD
  Expenses:Taxes:Y2020:US:CityNYC                  174.92 USD
  Expenses:Taxes:Y2020:US:SDI                        1.12 USD
  Expenses:Taxes:Y2020:US:SocSec                   281.54 USD
  Assets:US:Federal:PreTax401k                   -1200.00 IRAUSD
  Expenses:Taxes:Y2020:US:Federal:PreTax401k      1200.00 IRAUSD
  Assets:US:Hoogle:Vacation                             5 VACHR
  Income:US:Hoogle:Vacation                            -5 VACHR

2020-01-16 * "Hoogle" "Payroll"
  Assets:US:BofA:Checking                         1350.60 USD
  Assets:US:Vanguard:Cash                         1200.00 USD
  Income:US:Hoogle:Salary                        -4615.38 USD
  Income:US:Hoogle:GroupTermLife                   -24.32 USD
  Expenses:Health:Life:GroupTermLife                24.32 USD
  Expenses:Health:Dental:Insurance                   2.90 USD
  Expenses:Health:Medical:Insurance                 27.38 USD
  Expenses:Health:Vision:Insurance                  42.30 USD
  Expenses:Taxes:Y2020:US:Medicare                 106.62 USD
  Expenses:Taxes:Y2020:US:Federal                 1062.92 USD
  Expenses:Taxes:Y2020:US:State                    365.08 USD
  Expenses:Taxes:Y2020:US:CityNYC                  174.92 USD
  Expenses:Taxes:Y2020:US:SDI                        1.12 USD
  Expenses:Taxes:Y2020:US:SocSec                   281.54 USD
  Assets:US:Federal:PreTax401k                   -1200.00 IRAUSD
  Expenses:Taxes:Y2020:US:Federal:PreTax401k      1200.00 IRAUSD
  Assets:US:Hoogle:Vacation                             5 VACHR
  Income:US:Hoogle:Vacation                            -5 VACHR

2020-01-30 * "Hoogle" "Payroll"
  Assets:US:BofA:Checking                         1350.60 USD
  Assets:US:Vanguard:Cash                         1200.00 USD
  Income:US:Hoogle:Salary                        -4615.38 USD
  Income:US:Hoogle:GroupTermLife                   -24.32 USD
  Expenses:Health:Life:GroupTermLife                24.32 USD
  Expenses:Health:Dental:Insurance                   2.90 USD
  Expenses:Health:Medical:Insurance                 27.38 USD
  Expenses:Health:Vision:Insurance                  42.30 USD
  Expenses:Taxes:Y2020:US:Medicare                 106.62 USD
  Expenses:Taxes:Y2020:US:Federal                 1062.92 USD
  Expenses:Taxes:Y2020:US:State                    365.08 USD
  Expenses:Taxes:Y2020:US:CityNYC                  174.92 USD
  Expenses:Taxes:Y2020:US:SDI                        1.12 USD
  Expenses:Taxes:Y2020:US:SocSec                   281.54 USD
  Assets:US:Federal:PreTax401k                   -1200.00 IRAUSD
  Expenses:Taxes:Y2020:US:Federal:PreTax401k      1200.00 IRAUSD
  Assets:US:Hoogle:Vacation                             5 VACHR
  Income:US:Hoogle:Vacation                            -5 VACHR

2020-02-13 * "Hoogle" "Payroll"
  Assets:US:BofA:Checking                         1350.60 USD
  Assets:US:Vanguard:Cash                         1200.00 USD
  Income:US:Hoogle:Salary                        -4615.38 USD
  Income:US:Hoogle:GroupTermLife                   -24.32 USD
  Expenses:Health:Life:GroupTermLife                24.32 USD
  Expenses:Health:Dental:Insurance                   2.90 USD
  Expenses:Health:Medical:Insurance                 27.38 USD
  Expenses:Health:Vision:Insurance                  42.30 USD
  Expenses:Taxes:Y2020:US:Medicare                 106.62 USD
  Expenses:Taxes:Y2020:US:Federal                 1062.92 USD
  Expenses:Taxes:Y2020:US:State                    365.08 USD
  Expenses:Taxes:Y2020:US:CityNYC                  174.92 USD
  Expenses:Taxes:Y2020:US:SDI                        1.12 USD
  Expenses:Taxes:Y2020:US:SocSec                   281.54 USD
  Assets:US:Federal:PreTax401k                   -1200.00 IRAUSD
  Expenses:Taxes:Y2020:US:Federal:PreTax401k      1200.00 IRAUSD
  Assets:US:Hoogle:Vacation                             5 VACHR
  Income:US:Hoogle:Vacation                            -5 VACHR

2020-02-27 * "Hoogle" "Payroll"
  Assets:US:BofA:Checking                         1350.60 USD
  Assets:US:Vanguard:Cash                         1200.00 USD
  Income:US:Hoogle:Salary                        -4615.38 USD
  Income:US:Hoogle:GroupTermLife                   -24.32 USD
  Expenses:Health:Life:GroupTermLife                24.32 USD
  Expenses:Health:Dental:Insurance                   2.90 USD
  Expenses:Health:Medical:Insurance                 27.38 USD
  Expenses:Health:Vision:Insurance                  42.30 USD
  Expenses:Taxes:Y2020:US:Medicare                 106.62 USD
  Expenses:Taxes:Y2020:US:Federal                 1062.92 USD
  Expenses:Taxes:Y2020:US:State                    365.08 USD
  Expenses:Taxes:Y2020:US:CityNYC                  174.92 USD
  Expenses:Taxes:Y2020:US:SDI                        1.12 USD
  Expenses:Taxes:Y2020:US:SocSec                   281.54 USD
  Assets:US:Federal:PreTax401k                   -1200.00 IRAUSD
  Expenses:Taxes:Y2020:US:Federal:PreTax401k      1200.00 IRAUSD
  Assets:US:Hoogle:Vacation                             5 VACHR
  Income:US:Hoogle:Vacation                            -5 VACHR

2020-03-12 * "Hoogle" "Payroll"
  Assets:US:BofA:Checking                         1350.60 USD
  Assets:US:Vanguard:Cash                         1200.00 USD
  Income:US:Hoogle:Salary                        -4615.38 USD
  Income:US:Hoogle:GroupTermLife                   -24.32 USD
  Expenses:Health:Life:GroupTermLife                24.32 USD
  Expenses:Health:Dental:Insurance                   2.90 USD
  Expenses:Health:Medical:Insurance                 27.38 USD
  Expenses:Health:Vision:Insurance                  42.30 USD
  Expenses:Taxes:Y2020:US:Medicare                 106.62 USD
  Expenses:Taxes:Y2020:US:Federal                 1062.92 USD
  Expenses:Taxes:Y2020:US:State                    365.08 USD
  Expenses:Taxes:Y2020:US:CityNYC                  174.92 USD
  Expenses:Taxes:Y2020:US:SDI                        1.12 USD
  Expenses:Taxes:Y2020:US:SocSec                   281.54 USD
  Assets:US:Federal:PreTax401k                   -1200.00 IRAUSD
  Expenses:Taxes:Y2020:US:Federal:PreTax401k      1200.00 IRAUSD
  Assets:US:Hoogle:Vacation                             5 VACHR
  Income:US:Hoogle:Vacation                            -5 VACHR

2020-03-26 * "Hoogle" "Payroll"
  Assets:US:BofA:Checking                         1350.60 USD
  Assets:US:Vanguard:Cash                         1200.00 USD
  Income:US:Hoogle:Salary                        -4615.38 USD
  Income:US:Hoogle:GroupTermLife                   -24.32 USD
  Expenses:Health:Life:GroupTermLife                24.32 USD
  Expenses:Health:Dental:Insurance                   2.90 USD
  Expenses:Health:Medical:Insurance                 27.38 USD
  Expenses:Health:Vision:Insurance                  42.30 USD
  Expenses:Taxes:Y2020:US:Medicare                 106.62 USD
  Expenses:Taxes:Y2020:US:Federal                 1062.92 USD
  Expenses:Taxes:Y2020:US:State                    365.08 USD
  Expenses:Taxes:Y2020:US:CityNYC                  174.92 USD
  Expenses:Taxes:Y2020:US:SDI                        1.12 USD
  Expenses:Taxes:Y2020:US:SocSec                   281.54 USD
  Assets:US:Federal:PreTax401k                   -1200.00 IRAUSD
  Expenses:Taxes:Y2020:US:Federal:PreTax401k      1200.00 IRAUSD
  Assets:US:Hoogle:Vacation                             5 VACHR
  Income:US:Hoogle:Vacation                            -5 VACHR

2020-04-09 * "Hoogle" "Payroll"
  Assets:US:BofA:Checking                         1350.60 USD
  Assets:US:Vanguard:Cash                         1200.00 USD
  Income:US:Hoogle:Salary                        -4615.38 USD
  Income:US:Hoogle:GroupTermLife                   -24.32 USD
  Expenses:Health:Life:GroupTermLife                24.32 USD
  Expenses:Health:Dental:Insurance                   2.90 USD
  Expenses:Health:Medical:Insurance                 27.38 USD
  Expenses:Health:Vision:Insurance                  42.30 USD
  Expenses:Taxes:Y2020:US:Medicare                 106.62 USD
  Expenses:Taxes:Y2020:US:Federal                 1062.92 USD
  Expenses:Taxes:Y2020:US:State                    365.08 USD
  Expenses:Taxes:Y2020:US:CityNYC                  174.92 USD
  Expenses:Taxes:Y2020:US:SDI                        1.12 USD
  Expenses:Taxes:Y2020:US:SocSec                   281.54 USD
  Assets:US:Federal:PreTax401k                   -1200.00 IRAUSD
  Expenses:Taxes:Y2020:US:Federal:PreTax401k      1200.00 IRAUSD
  Assets:US:Hoogle:Vacation                             5 VACHR
  Income:US:Hoogle:Vacation                            -5 VACHR

2020-04-23 * "Hoogle" "Payroll"
  Assets:US:BofA:Checking                         1350.60 USD
  Assets:US:Vanguard:Cash                         1200.00 USD
  Income:US:Hoogle:Salary                        -4615.38 USD
  Income:US:Hoogle:GroupTermLife                   -24.32 USD
  Expenses:Health:Life:GroupTermLife                24.32 USD
  Expenses:Health:Dental:Insurance                   2.90 USD
  Expenses:Health:Medical:Insurance                 27.38 USD
  Expenses:Health:Vision:Insurance                  42.30 USD
  Expenses:Taxes:Y2020:US:Medicare                 106.62 USD
  Expenses:Taxes:Y2020:US:Federal                 1062.92 USD
  Expenses:Taxes:Y2020:US:State                    365.08 USD
  Expenses:Taxes:Y2020:US:CityNYC                  174.92 USD
  Expenses:Taxes:Y2020:US:SDI                        1.12 USD
  Expenses:Taxes:Y2020:US:SocSec                   281.54 USD
  Assets:US:Federal:PreTax401k                   -1200.00 IRAUSD
  Expenses:Taxes:Y2020:US:Federal:PreTax401k      1200.00 IRAUSD
  Assets:US:Hoogle:Vacation                             5 VACHR
  Income:US:Hoogle:Vacation                            -5 VACHR

2020-05-07 * "Hoogle" "Payroll"
  Assets:US:BofA:Checking                         1350.60 USD
  Assets:US:Vanguard:Cash                         1200.00 USD
  Income:US:Hoogle:Salary                        -4615.38 USD
  Income:US:Hoogle:GroupTermLife                   -24.32 USD
  Expenses:Health:Life:GroupTermLife                24.32 USD
  Expenses:Health:Dental:Insurance                   2.90 USD
  Expenses:Health:Medical:Insurance                 27.38 USD
  Expenses:Health:Vision:Insurance                  42.30 USD
  Expenses:Taxes:Y2020:US:Medicare                 106.62 USD
  Expenses:Taxes:Y2020:US:Federal                 1062.92 USD
  Expenses:Taxes:Y2020:US:State                    365.08 USD
  Expenses:Taxes:Y2020:US:CityNYC                  174.92 USD
  Expenses:Taxes:Y2020:US:SDI                        1.12 USD
  Expenses:Taxes:Y2020:US:SocSec                   281.54 USD
  Assets:US:Federal:PreTax401k                   -1200.00 IRAUSD
  Expenses:Taxes:Y2020:US:Federal:PreTax401k      1200.00 IRAUSD
  Assets:US:Hoogle:Vacation                             5 VACHR
  Income:US:Hoogle:Vacation                            -5 VACHR

2020-05-21 * "Hoogle" "Payroll"
  Assets:US:BofA:Checking                         1350.60 USD
  Assets:US:Vanguard:Cash                         1200.00 USD
  Income:US:Hoogle:Salary                        -4615.38 USD
  Income:US:Hoogle:GroupTermLife                   -24.32 USD
  Expenses:Health:Life:GroupTermLife                24.32 USD
  Expenses:Health:Dental:Insurance                   2.90 USD
  Expenses:Health:Medical:Insurance                 27.38 USD
  Expenses:Health:Vision:Insurance                  42.30 USD
  Expenses:Taxes:Y2020:US:Medicare                 106.62 USD
  Expenses:Taxes:Y2020:US:Federal                 1062.92 USD
  Expenses:Taxes:Y2020:US:State                    365.08 USD
  Expenses:Taxes:Y2020:US:CityNYC                  174.92 USD
  Expenses:Taxes:Y2020:US:SDI                        1.12 USD
  Expenses:Taxes:Y2020:US:SocSec                   281.54 USD
  Assets:US:Federal:PreTax401k                   -1200.00 IRAUSD
  Expenses:Taxes:Y2020:US:Federal:PreTax401k      1200.00 IRAUSD
  Assets:US:Hoogle:Vacation                             5 VACHR
  Income:US:Hoogle:Vacation                            -5 VACHR

2020-06-04 * "Hoogle" "Payroll"
  Assets:US:BofA:Checking                         1350.60 USD
  Assets:US:Vanguard:Cash                         1200.00 USD
  Income:US:Hoogle:Salary                        -4615.38 USD
  Income:US:Hoogle:GroupTermLife                   -24.32 USD
  Expenses:Health:Life:GroupTermLife                24.32 USD
  Expenses:Health:Dental:Insurance                   2.90 USD
  Expenses:Health:Medical:Insurance                 27.38 USD
  Expenses:Health:Vision:Insurance                  42.30 USD
  Expenses:Taxes:Y2020:US:Medicare                 106.62 USD
  Expenses:Taxes:Y2020:US:Federal                 1062.92 USD
  Expenses:Taxes:Y2020:US:State                    365.08 USD
  Expenses:Taxes:Y2020:US:CityNYC                  174.92 USD
  Expenses:Taxes:Y2020:US:SDI                        1.12 USD
  Expenses:Taxes:Y2020:US:SocSec                   281.54 USD
  Assets:US:Federal:PreTax401k                   -1200.00 IRAUSD
  Expenses:Taxes:Y2020:US:Federal:PreTax401k      1200.00 IRAUSD
  Assets:US:Hoogle:Vacation                             5 VACHR
  Income:US:Hoogle:Vacation                            -5 VACHR

2020-06-18 * "Hoogle" "Payroll"
  Assets:US:BofA:Checking                         1350.60 USD
  Assets:US:Vanguard:Cash                         1200.00 USD
  Income:US:Hoogle:Salary                        -4615.38 USD
  Income:US:Hoogle:GroupTermLife                   -24.32 USD
  Expenses:Health:Life:GroupTermLife                24.32 USD
  Expenses:Health:Dental:Insurance                   2.90 USD
  Expenses:Health:Medical:Insurance                 27.38 USD
  Expenses:Health:Vision:Insurance                  42.30 USD
  Expenses:Taxes:Y2020:US:Medicare                 106.62 USD
  Expenses:Taxes:Y2020:US:Federal                 1062.92 USD
  Expenses:Taxes:Y2020:US:State                    365.08 USD
  Expenses:Taxes:Y2020:US:CityNYC                  174.92 USD
  Expenses:Taxes:Y2020:US:SDI                        1.12 USD
  Expenses:Taxes:Y2020:US:SocSec                   281.54 USD
  Assets:US:Federal:PreTax401k                   -1200.00 IRAUSD
  Expenses:Taxes:Y2020:US:Federal:PreTax401k      1200.00 IRAUSD
  Assets:US:Hoogle:Vacation                             5 VACHR
  Income:US:Hoogle:Vacation                            -5 VACHR

2020-07-02 * "Hoogle" "Payroll"
  Assets:US:BofA:Checking                         1350.60 USD
  Assets:US:Vanguard:Cash                         1200.00 USD
  Income:US:Hoogle:Salary                        -4615.38 USD
  Income:US:Hoogle:GroupTermLife                   -24.32 USD
  Expenses:Health:Life:GroupTermLife                24.32 USD
  Expenses:Health:Dental:Insurance                   2.90 USD
  Expenses:Health:Medical:Insurance                 27.38 USD
  Expenses:Health:Vision:Insurance                  42.30 USD
  Expenses:Taxes:Y2020:US:Medicare                 106.62 USD
  Expenses:Taxes:Y2020:US:Federal                 1062.92 USD
  Expenses:Taxes:Y2020:US:State                    365.08 USD
  Expenses:Taxes:Y2020:US:CityNYC                  174.92 USD
  Expenses:Taxes:Y2020:US:SDI                        1.12 USD
  Expenses:Taxes:Y2020:US:SocSec                   281.54 USD
  Assets:US:Federal:PreTax401k                   -1200.00 IRAUSD
  Expenses:Taxes:Y2020:US:Federal:PreTax401k      1200.00 IRAUSD
  Assets:US:Hoogle:Vacation                             5 VACHR
  Income:US:Hoogle:Vacation                            -5 VACHR

2020-07-16 * "Hoogle" "Payroll"
  Assets:US:BofA:Checking                         1350.60 USD
  Assets:US:Vanguard:Cash                         1200.00 USD
  Income:US:Hoogle:Salary                        -4615.38 USD
  Income:US:Hoogle:GroupTermLife                   -24.32 USD
  Expenses:Health:Life:GroupTermLife                24.32 USD
  Expenses:Health:Dental:Insurance                   2.90 USD
  Expenses:Health:Medical:Insurance                 27.38 USD
  Expenses:Health:Vision:Insurance                  42.30 USD
  Expenses:Taxes:Y2020:US:Medicare                 106.62 USD
  Expenses:Taxes:Y2020:US:Federal                 1062.92 USD
  Expenses:Taxes:Y2020:US:State                    365.08 USD
  Expenses:Taxes:Y2020:US:CityNYC                  174.92 USD
  Expenses:Taxes:Y2020:US:SDI                        1.12 USD
  Expenses:Taxes:Y2020:US:SocSec                   281.54 USD
  Assets:US:Federal:PreTax401k                   -1200.00 IRAUSD
  Expenses:Taxes:Y2020:US:Federal:PreTax401k      1200.00 IRAUSD
  Assets:US:Hoogle:Vacation                             5 VACHR
  Income:US:Hoogle:Vacation                            -5 VACHR

2020-07-30 * "Hoogle" "Payroll"
  Assets:US:BofA:Checking                         2050.60 USD
  Assets:US:Vanguard:Cash                          500.00 USD
  Income:US:Hoogle:Salary                        -4615.38 USD
  Income:US:Hoogle:GroupTermLife                   -24.32 USD
  Expenses:Health:Life:GroupTermLife                24.32 USD
  Expenses:Health:Dental:Insurance                   2.90 USD
  Expenses:Health:Medical:Insurance                 27.38 USD
  Expenses:Health:Vision:Insurance                  42.30 USD
  Expenses:Taxes:Y2020:US:Medicare                 106.62 USD
  Expenses:Taxes:Y2020:US:Federal                 1062.92 USD
  Expenses:Taxes:Y2020:US:State                    365.08 USD
  Expenses:Taxes:Y2020:US:CityNYC                  174.92 USD
  Expenses:Taxes:Y2020:US:SDI                        1.12 USD
  Expenses:Taxes:Y2020:US:SocSec                   281.54 USD
  Assets:US:Federal:PreTax401k                    -500.00 IRAUSD
  Expenses:Taxes:Y2020:US:Federal:PreTax401k       500.00 IRAUSD
  Assets:US:Hoogle:Vacation                             5 VACHR
  Income:US:Hoogle:Vacation                            -5 VACHR

2020-08-13 * "Hoogle" "Payroll"
  Assets:US:BofA:Checking                         2550.60 USD
  Income:US:Hoogle:Salary                        -4615.38 USD
  Income:US:Hoogle:GroupTermLife                   -24.32 USD
  Expenses:Health:Life:GroupTermLife                24.32 USD
  Expenses:Health:Dental:Insurance                   2.90 USD
  Expenses:Health:Medical:Insurance                 27.38 USD
  Expenses:Health:Vision:Insurance                  42.30 USD
  Expenses:Taxes:Y2020:US:Medicare                 106.62 USD
  Expenses:Taxes:Y2020:US:Federal                 1062.92 USD
  Expenses:Taxes:Y2020:US:State                    365.08 USD
  Expenses:Taxes:Y2020:US:CityNYC                  174.92 USD
  Expenses:Taxes:Y2020:US:SDI                        1.12 USD
  Expenses:Taxes:Y2020:US:SocSec                   281.54 USD
  Assets:US:Federal:PreTax401k                       0.00 IRAUSD
  Assets:US:Hoogle:Vacation                             5 VACHR
  Income:US:Hoogle:Vacation                            -5 VACHR

2020-08-27 * "Hoogle" "Payroll"
  Assets:US:BofA:Checking                         2550.60 USD
  Income:US:Hoogle:Salary                        -4615.38 USD
  Income:US:Hoogle:GroupTermLife                   -24.32 USD
  Expenses:Health:Life:GroupTermLife                24.32 USD
  Expenses:Health:Dental:Insurance                   2.90 USD
  Expenses:Health:Medical:Insurance                 27.38 USD
  Expenses:Health:Vision:Insurance                  42.30 USD
  Expenses:Taxes:Y2020:US:Medicare                 106.62 USD
  Expenses:Taxes:Y2020:US:Federal                 1062.92 USD
  Expenses:Taxes:Y2020:US:State                    365.08 USD
  Expenses:Taxes:Y2020:US:CityNYC                  174.92 USD
  Expenses:Taxes:Y2020:US:SDI                        1.12 USD
  Expenses:Taxes:Y2020:US:SocSec                   281.54 USD
  Assets:US:Federal:PreTax401k                       0.00 IRAUSD
  Assets:US:Hoogle:Vacation                             5 VACHR
  Income:US:Hoogle:Vacation                            -5 VACHR

2020-09-10 * "Hoogle" "Payroll"
  Assets:US:BofA:Checking                         2550.60 USD
  Income:US:Hoogle:Salary                        -4615.38 USD
  Income:US:Hoogle:GroupTermLife                   -24.32 USD
  Expenses:Health:Life:GroupTermLife                24.32 USD
  Expenses:Health:Dental:Insurance                   2.90 USD
  Expenses:Health:Medical:Insurance                 27.38 USD
  Expenses:Health:Vision:Insurance                  42.30 USD
  Expenses:Taxes:Y2020:US:Medicare                 106.62 USD
  Expenses:Taxes:Y2020:US:Federal                 1062.92 USD
  Expenses:Taxes:Y2020:US:State                    365.08 USD
  Expenses:Taxes:Y2020:US:CityNYC                  174.92 USD
  Expenses:Taxes:Y2020:US:SDI                        1.12 USD
  Expenses:Taxes:Y2020:US:SocSec                   281.54 USD
  Assets:US:Federal:PreTax401k                       0.00 IRAUSD
  Assets:US:Hoogle:Vacation                             5 VACHR
  Income:US:Hoogle:Vacation                            -5 VACHR

2020-09-24 * "Hoogle" "Payroll"
  Assets:US:BofA:Checking                         2550.60 USD
  Income:US:Hoogle:Salary                        -4615.38 USD
  Income:US:Hoogle:GroupTermLife                   -24.32 USD
  Expenses:Health:Life:GroupTermLife                24.32 USD
  Expenses:Health:Dental:Insurance                   2.90 USD
  Expenses:Health:Medical:Insurance                 27.38 USD
  Expenses:Health:Vision:Insurance                  42.30 USD
  Expenses:Taxes:Y2020:US:Medicare                 106.62 USD
  Expenses:Taxes:Y2020:US:Federal                 1062.92 USD
  Expenses:Taxes:Y2020:US:State                    365.08 USD
  Expenses:Taxes:Y2020:US:CityNYC                  174.92 USD
  Expenses:Taxes:Y2020:US:SDI                        1.12 USD
  Expenses:Taxes:Y2020:US:SocSec                   281.54 USD
  Assets:US:Federal:PreTax401k                       0.00 IRAUSD
  Assets:US:Hoogle:Vacation                             5 VACHR
  Income:US:Hoogle:Vacation                            -5 VACHR

2020-10-08 * "Hoogle" "Payroll"
  Assets:US:BofA:Checking                         2550.60 USD
  Income:US:Hoogle:Salary                        -4615.38 USD
  Income:US:Hoogle:GroupTermLife                   -24.32 USD
  Expenses:Health:Life:GroupTermLife                24.32 USD
  Expenses:Health:Dental:Insurance                   2.90 USD
  Expenses:Health:Medical:Insurance                 27.38 USD
  Expenses:Health:Vision:Insurance                  42.30 USD
  Expenses:Taxes:Y2020:US:Medicare                 106.62 USD
  Expenses:Taxes:Y2020:US:Federal                 1062.92 USD
  Expenses:Taxes:Y2020:US:State                    365.08 USD
  Expenses:Taxes:Y2020:US:CityNYC                  174.92 USD
  Expenses:Taxes:Y2020:US:SDI                        1.12 USD
  Expenses:Taxes:Y2020:US:SocSec                   281.54 USD
  Assets:US:Federal:PreTax401k                       0.00 IRAUSD
  Assets:US:Hoogle:Vacation                             5 VACHR
  Income:US:Hoogle:Vacation                            -5 VACHR

2020-10-22 * "Hoogle" "Payroll"
  Assets:US:BofA:Checking                         2550.60 USD
  Income:US:Hoogle:Salary                        -4615.38 USD
  Income:US:Hoogle:GroupTermLife                   -24.32 USD
  Expenses:Health:Life:GroupTermLife                24.32 USD
  Expenses:Health:Dental:Insurance                   2.90 USD
  Expenses:Health:Medical:Insurance                 27.38 USD
  Expenses:Health:Vision:Insurance                  42.30 USD
  Expenses:Taxes:Y2020:US:Medicare                 106.62 USD
  Expenses:Taxes:Y2020:US:Federal                 1062.92 USD
  Expenses:Taxes:Y2020:US:State                    365.08 USD
  Expenses:Taxes:Y2020:US:CityNYC                  174.92 USD
  Expenses:Taxes:Y2020:US:SDI                        1.12 USD
  Expenses:Taxes:Y2020:US:SocSec                   281.54 USD
  Assets:US:Federal:PreTax401k                       0.00 IRAUSD
  Assets:US:Hoogle:Vacation                             5 VACHR
  Income:US:Hoogle:Vacation                            -5 VACHR

2020-11-05 * "Hoogle" "Payroll"
  Assets:US:BofA:Checking                         2550.60 USD
  Income:US:Hoogle:Salary                        -4615.38 USD
  Income:US:Hoogle:GroupTermLife                   -24.32 USD
  Expenses:Health:Life:GroupTermLife                24.32 USD
  Expenses:Health:Dental:Insurance                   2.90 USD
  Expenses:Health:Medical:Insurance                 27.38 USD
  Expenses:Health:Vision:Insurance                  42.30 USD
  Expenses:Taxes:Y2020:US:Medicare                 106.62 USD
  Expenses:Taxes:Y2020:US:Federal                 1062.92 USD
  Expenses:Taxes:Y2020:US:State                    365.08 USD
  Expenses:Taxes:Y2020:US:CityNYC                  174.92 USD
  Expenses:Taxes:Y2020:US:SDI                        1.12 USD
  Expenses:Taxes:Y2020:US:SocSec                   281.54 USD
  Assets:US:Federal:PreTax401k                       0.00 IRAUSD
  Assets:US:Hoogle:Vacation                             5 VACHR
  Income:US:Hoogle:Vacation                            -5 VACHR

2020-11-19 * "Hoogle" "Payroll"
  Assets:US:BofA:Checking                         2550.60 USD
  Income:US:Hoogle:Salary                        -4615.38 USD
  Income:US:Hoogle:GroupTermLife                   -24.32 USD
  Expenses:Health:Life:GroupTermLife                24.32 USD
  Expenses:Health:Dental:Insurance                   2.90 USD
  Expenses:Health:Medical:Insurance                 27.38 USD
  Expenses:Health:Vision:Insurance                  42.30 USD
  Expenses:Taxes:Y2020:US:Medicare                 106.62 USD
  Expenses:Taxes:Y2020:US:Federal                 1062.92 USD
  Expenses:Taxes:Y2020:US:State                    365.08 USD
  Expenses:Taxes:Y2020:US:CityNYC                  174.92 USD
  Expenses:Taxes:Y2020:US:SDI                        1.12 USD
  Expenses:Taxes:Y2020:US:SocSec                   281.54 USD
  Assets:US:Federal:PreTax401k                       0.00 IRAUSD
  Assets:US:Hoogle:Vacation                             5 VACHR
  Income:US:Hoogle:Vacation                            -5 VACHR

2020-12-03 * "Hoogle" "Payroll"
  Assets:US:BofA:Checking                         2589.06 USD
  Income:US:Hoogle:Salary                        -4615.38 USD
  Income:US:Hoogle:GroupTermLife                   -24.32 USD
  Expenses:Health:Life:GroupTermLife                24.32 USD
  Expenses:Health:Dental:Insurance                   2.90 USD
  Expenses:Health:Medical:Insurance                 27.38 USD
  Expenses:Health:Vision:Insurance                  42.30 USD
  Expenses:Taxes:Y2020:US:Medicare                 106.62 USD
  Expenses:Taxes:Y2020:US:Federal                 1062.92 USD
  Expenses:Taxes:Y2020:US:State                    365.08 USD
  Expenses:Taxes:Y2020:US:CityNYC                  174.92 USD
  Expenses:Taxes:Y2020:US:SDI                        1.12 USD
  Expenses:Taxes:Y2020:US:SocSec                   243.08 USD
  Assets:US:Federal:PreTax401k                       0.00 IRAUSD
  Assets:US:Hoogle:Vacation                             5 VACHR
  Income:US:Hoogle:Vacation                            -5 VACHR

2020-12-17 * "Hoogle" "Payroll"
  Assets:US:BofA:Checking                         2832.14 USD
  Income:US:Hoogle:Salary                        -4615.38 USD
  Income:US:Hoogle:GroupTermLife                   -24.32 USD
  Expenses:Health:Life:GroupTermLife                24.32 USD
  Expenses:Health:Dental:Insurance                   2.90 USD
  Expenses:Health:Medical:Insurance                 27.38 USD
  Expenses:Health:Vision:Insurance                  42.30 USD
  Expenses:Taxes:Y2020:US:Medicare                 106.62 USD
  Expenses:Taxes:Y2020:US:Federal                 1062.92 USD
  Expenses:Taxes:Y2020:US:State                    365.08 USD
  Expenses:Taxes:Y2020:US:CityNYC                  174.92 USD
  Expenses:Taxes:Y2020:US:SDI                        1.12 USD
  Expenses:Taxes:Y2020:US:SocSec                     0.00 USD
  Assets:US:Federal:PreTax401k                       0.00 IRAUSD
  Assets:US:Hoogle:Vacation                             5 VACHR
  Income:US:Hoogle:Vacation                            -5 VACHR

2020-12-31 * "Hoogle" "Payroll"
  Assets:US:BofA:Checking                         2832.14 USD
  Income:US:Hoogle:Salary                        -4615.38 USD
  Income:US:Hoogle:GroupTermLife                   -24.32 USD
  Expenses:Health:Life:GroupTermLife                24.32 USD
  Expenses:Health:Dental:Insurance                   2.90 USD
  Expenses:Health:Medical:Insurance                 27.38 USD
  Expenses:Health:Vision:Insurance                  42.30 USD
  Expenses:Taxes:Y2020:US:Medicare                 106.62 USD
  Expenses:Taxes:Y2020:US:Federal                 1062.92 USD
  Expenses:Taxes:Y2020:US:State                    365.08 USD
  Expenses:Taxes:Y2020:US:CityNYC                  174.92 USD
  Expenses:Taxes:Y2020:US:SDI                        1.12 USD
  Expenses:Taxes:Y2020:US:SocSec                     0.00 USD
  Assets:US:Federal:PreTax401k                       0.00 IRAUSD
  Assets:US:Hoogle:Vacation                             5 VACHR
  Income:US:Hoogle:Vacation                            -5 VACHR

2021-01-14 * "Hoogle" "Payroll"
  Assets:US:BofA:Checking                         1350.60 USD
  Assets:US:Vanguard:Cash                         1200.00 USD
  Income:US:Hoogle:Salary                        -4615.38 USD
  Income:US:Hoogle:GroupTermLife                   -24.32 USD
  Expenses:Health:Life:GroupTermLife                24.32 USD
  Expenses:Health:Dental:Insurance                   2.90 USD
  Expenses:Health:Medical:Insurance                 27.38 USD
  Expenses:Health:Vision:Insurance                  42.30 USD
  Expenses:Taxes:Y2021:US:Medicare                 106.62 USD
  Expenses:Taxes:Y2021:US:Federal                 1062.92 USD
  Expenses:Taxes:Y2021:US:State                    365.08 USD
  Expenses:Taxes:Y2021:US:CityNYC                  174.92 USD
  Expenses:Taxes:Y2021:US:SDI                        1.12 USD
  Expenses:Taxes:Y2021:US:SocSec                   281.54 USD
  Assets:US:Federal:PreTax401k                   -1200.00 IRAUSD
  Expenses:Taxes:Y2021:US:Federal:PreTax401k      1200.00 IRAUSD
  Assets:US:Hoogle:Vacation                             5 VACHR
  Income:US:Hoogle:Vacation                            -5 VACHR

2021-01-28 * "Hoogle" "Payroll"
  Assets:US:BofA:Checking                         1350.60 USD
  Assets:US:Vanguard:Cash                         1200.00 USD
  Income:US:Hoogle:Salary                        -4615.38 USD
  Income:US:Hoogle:GroupTermLife                   -24.32 USD
  Expenses:Health:Life:GroupTermLife                24.32 USD
  Expenses:Health:Dental:Insurance                   2.90 USD
  Expenses:Health:Medical:Insurance                 27.38 USD
  Expenses:Health:Vision:Insurance                  42.30 USD
  Expenses:Taxes:Y2021:US:Medicare                 106.62 USD
  Expenses:Taxes:Y2021:US:Federal                 1062.92 USD
  Expenses:Taxes:Y2021:US:State                    365.08 USD
  Expenses:Taxes:Y2021:US:CityNYC                  174.92 USD
  Expenses:Taxes:Y2021:US:SDI                        1.12 USD
  Expenses:Taxes:Y2021:US:SocSec                   281.54 USD
  Assets:US:Federal:PreTax401k                   -1200.00 IRAUSD
  Expenses:Taxes:Y2021:US:Federal:PreTax401k      1200.00 IRAUSD
  Assets:US:Hoogle:Vacation                             5 VACHR
  Income:US:Hoogle:Vacation                            -5 VACHR

2021-02-11 * "Hoogle" "Payroll"
  Assets:US:BofA:Checking                         1350.60 USD
  Assets:US:Vanguard:Cash                         1200.00 USD
  Income:US:Hoogle:Salary                        -4615.38 USD
  Income:US:Hoogle:GroupTermLife                   -24.32 USD
  Expenses:Health:Life:GroupTermLife                24.32 USD
  Expenses:Health:Dental:Insurance                   2.90 USD
  Expenses:Health:Medical:Insurance                 27.38 USD
  Expenses:Health:Vision:Insurance                  42.30 USD
  Expenses:Taxes:Y2021:US:Medicare                 106.62 USD
  Expenses:Taxes:Y2021:US:Federal                 1062.92 USD
  Expenses:Taxes:Y2021:US:State                    365.08 USD
  Expenses:Taxes:Y2021:US:CityNYC                  174.92 USD
  Expenses:Taxes:Y2021:US:SDI                        1.12 USD
  Expenses:Taxes:Y2021:US:SocSec                   281.54 USD
  Assets:US:Federal:PreTax401k                   -1200.00 IRAUSD
  Expenses:Taxes:Y2021:US:Federal:PreTax401k      1200.00 IRAUSD
  Assets:US:Hoogle:Vacation                             5 VACHR
  Income:US:Hoogle:Vacation                            -5 VACHR

2021-02-25 * "Hoogle" "Payroll"
  Assets:US:BofA:Checking                         1350.60 USD
  Assets:US:Vanguard:Cash                         1200.00 USD
  Income:US:Hoogle:Salary                        -4615.38 USD
  Income:US:Hoogle:GroupTermLife                   -24.32 USD
  Expenses:Health:Life:GroupTermLife                24.32 USD
  Expenses:Health:Dental:Insurance                   2.90 USD
  Expenses:Health:Medical:Insurance                 27.38 USD
  Expenses:Health:Vision:Insurance                  42.30 USD
  Expenses:Taxes:Y2021:US:Medicare                 106.62 USD
  Expenses:Taxes:Y2021:US:Federal                 1062.92 USD
  Expenses:Taxes:Y2021:US:State                    365.08 USD
  Expenses:Taxes:Y2021:US:CityNYC                  174.92 USD
  Expenses:Taxes:Y2021:US:SDI                        1.12 USD
  Expenses:Taxes:Y2021:US:SocSec                   281.54 USD
  Assets:US:Federal:PreTax401k                   -1200.00 IRAUSD
  Expenses:Taxes:Y2021:US:Federal:PreTax401k      1200.00 IRAUSD
  Assets:US:Hoogle:Vacation                             5 VACHR
  Income:US:Hoogle:Vacation                            -5 VACHR

2021-03-11 * "Hoogle" "Payroll"
  Assets:US:BofA:Checking                         1350.60 USD
  Assets:US:Vanguard:Cash                         1200.00 USD
  Income:US:Hoogle:Salary                        -4615.38 USD
  Income:US:Hoogle:GroupTermLife                   -24.32 USD
  Expenses:Health:Life:GroupTermLife                24.32 USD
  Expenses:Health:Dental:Insurance                   2.90 USD
  Expenses:Health:Medical:Insurance                 27.38 USD
  Expenses:Health:Vision:Insurance                  42.30 USD
  Expenses:Taxes:Y2021:US:Medicare                 106.62 USD
  Expenses:Taxes:Y2021:US:Federal                 1062.92 USD
  Expenses:Taxes:Y2021:US:State                    365.08 USD
  Expenses:Taxes:Y2021:US:CityNYC                  174.92 USD
  Expenses:Taxes:Y2021:US:SDI                        1.12 USD
  Expenses:Taxes:Y2021:US:SocSec                   281.54 USD
  Assets:US:Federal:PreTax401k                   -1200.00 IRAUSD
  Expenses:Taxes:Y2021:US:Federal:PreTax401k      1200.00 IRAUSD
  Assets:US:Hoogle:Vacation                             5 VACHR
  Income:US:Hoogle:Vacation                            -5 VACHR

2021-03-25 * "Hoogle" "Payroll"
  Assets:US:BofA:Checking                         1350.60 USD
  Assets:US:Vanguard:Cash                         1200.00 USD
  Income:US:Hoogle:Salary                        -4615.38 USD
  Income:US:Hoogle:GroupTermLife                   -24.32 USD
  Expenses:Health:Life:GroupTermLife                24.32 USD
  Expenses:Health:Dental:Insurance                   2.90 USD
  Expenses:Health:Medical:Insurance                 27.38 USD
  Expenses:Health:Vision:Insurance                  42.30 USD
  Expenses:Taxes:Y2021:US:Medicare                 106.62 USD
  Expenses:Taxes:Y2021:US:Federal                 1062.92 USD
  Expenses:Taxes:Y2021:US:State                    365.08 USD
  Expenses:Taxes:Y2021:US:CityNYC                  174.92 USD
  Expenses:Taxes:Y2021:US:SDI                        1.12 USD
  Expenses:Taxes:Y2021:US:SocSec                   281.54 USD
  Assets:US:Federal:PreTax401k                   -1200.00 IRAUSD
  Expenses:Taxes:Y2021:US:Federal:PreTax401k      1200.00 IRAUSD
  Assets:US:Hoogle:Vacation                             5 VACHR
  Income:US:Hoogle:Vacation                            -5 VACHR

2021-04-08 * "Hoogle" "Payroll"
  Assets:US:BofA:Checking                         1350.60 USD
  Assets:US:Vanguard:Cash                         1200.00 USD
  Income:US:Hoogle:Salary                        -4615.38 USD
  Income:US:Hoogle:GroupTermLife                   -24.32 USD
  Expenses:Health:Life:GroupTermLife                24.32 USD
  Expenses:Health:Dental:Insurance                   2.90 USD
  Expenses:Health:Medical:Insurance                 27.38 USD
  Expenses:Health:Vision:Insurance                  42.30 USD
  Expenses:Taxes:Y2021:US:Medicare                 106.62 USD
  Expenses:Taxes:Y2021:US:Federal                 1062.92 USD
  Expenses:Taxes:Y2021:US:State                    365.08 USD
  Expenses:Taxes:Y2021:US:CityNYC                  174.92 USD
  Expenses:Taxes:Y2021:US:SDI                        1.12 USD
  Expenses:Taxes:Y2021:US:SocSec                   281.54 USD
  Assets:US:Federal:PreTax401k                   -1200.00 IRAUSD
  Expenses:Taxes:Y2021:US:Federal:PreTax401k      1200.00 IRAUSD
  Assets:US:Hoogle:Vacation                             5 VACHR
  Income:US:Hoogle:Vacation                            -5 VACHR

2021-04-22 * "Hoogle" "Payroll"
  Assets:US:BofA:Checking                         1350.60 USD
  Assets:US:Vanguard:Cash                         1200.00 USD
  Income:US:Hoogle:Salary                        -4615.38 USD
  Income:US:Hoogle:GroupTermLife                   -24.32 USD
  Expenses:Health:Life:GroupTermLife                24.32 USD
  Expenses:Health:Dental:Insurance                   2.90 USD
  Expenses:Health:Medical:Insurance                 27.38 USD
  Expenses:Health:Vision:Insurance                  42.30 USD
  Expenses:Taxes:Y2021:US:Medicare                 106.62 USD
  Expenses:Taxes:Y2021:US:Federal                 1062.92 USD
  Expenses:Taxes:Y2021:US:State                    365.08 USD
  Expenses:Taxes:Y2021:US:CityNYC                  174.92 USD
  Expenses:Taxes:Y2021:US:SDI                        1.12 USD
  Expenses:Taxes:Y2021:US:SocSec                   281.54 USD
  Assets:US:Federal:PreTax401k                   -1200.00 IRAUSD
  Expenses:Taxes:Y2021:US:Federal:PreTax401k      1200.00 IRAUSD
  Assets:US:Hoogle:Vacation                             5 VACHR
  Income:US:Hoogle:Vacation                            -5 VACHR

2021-05-06 * "Hoogle" "Payroll"
  Assets:US:BofA:Checking                         1350.60 USD
  Assets:US:Vanguard:Cash                         1200.00 USD
  Income:US:Hoogle:Salary                        -4615.38 USD
  Income:US:Hoogle:GroupTermLife                   -24.32 USD
  Expenses:Health:Life:GroupTermLife                24.32 USD
  Expenses:Health:Dental:Insurance                   2.90 USD
  Expenses:Health:Medical:Insurance                 27.38 USD
  Expenses:Health:Vision:Insurance                  42.30 USD
  Expenses:Taxes:Y2021:US:Medicare                 106.62 USD
  Expenses:Taxes:Y2021:US:Federal                 1062.92 USD
  Expenses:Taxes:Y2021:US:State                    365.08 USD
  Expenses:Taxes:Y2021:US:CityNYC                  174.92 USD
  Expenses:Taxes:Y2021:US:SDI                        1.12 USD
  Expenses:Taxes:Y2021:US:SocSec                   281.54 USD
  Assets:US:Federal:PreTax401k                   -1200.00 IRAUSD
  Expenses:Taxes:Y2021:US:Federal:PreTax401k      1200.00 IRAUSD
  Assets:US:Hoogle:Vacation                             5 VACHR
  Income:US:Hoogle:Vacation                            -5 VACHR

2021-05-20 * "Hoogle" "Payroll"
  Assets:US:BofA:Checking                         1350.60 USD
  Assets:US:Vanguard:Cash                         1200.00 USD
  Income:US:Hoogle:Salary                        -4615.38 USD
  Income:US:Hoogle:GroupTermLife                   -24.32 USD
  Expenses:Health:Life:GroupTermLife                24.32 USD
  Expenses:Health:Dental:Insurance                   2.90 USD
  Expenses:Health:Medical:Insurance                 27.38 USD
  Expenses:Health:Vision:Insurance                  42.30 USD
  Expenses:Taxes:Y2021:US:Medicare                 106.62 USD
  Expenses:Taxes:Y2021:US:Federal                 1062.92 USD
  Expenses:Taxes:Y2021:US:State                    365.08 USD
  Expenses:Taxes:Y2021:US:CityNYC                  174.92 USD
  Expenses:Taxes:Y2021:US:SDI                        1.12 USD
  Expenses:Taxes:Y2021:US:SocSec                   281.54 USD
  Assets:US:Federal:PreTax401k                   -1200.00 IRAUSD
  Expenses:Taxes:Y2021:US:Federal:PreTax401k      1200.00 IRAUSD
  Assets:US:Hoogle:Vacation                             5 VACHR
  Income:US:Hoogle:Vacation                            -5 VACHR

2021-06-03 * "Hoogle" "Payroll"
  Assets:US:BofA:Checking                         1350.60 USD
  Assets:US:Vanguard:Cash                         1200.00 USD
  Income:US:Hoogle:Salary                        -4615.38 USD
  Income:US:Hoogle:GroupTermLife                   -24.32 USD
  Expenses:Health:Life:GroupTermLife                24.32 USD
  Expenses:Health:Dental:Insurance                   2.90 USD
  Expenses:Health:Medical:Insurance                 27.38 USD
  Expenses:Health:Vision:Insurance                  42.30 USD
  Expenses:Taxes:Y2021:US:Medicare                 106.62 USD
  Expenses:Taxes:Y2021:US:Federal                 1062.92 USD
  Expenses:Taxes:Y2021:US:State                    365.08 USD
  Expenses:Taxes:Y2021:US:CityNYC                  174.92 USD
  Expenses:Taxes:Y2021:US:SDI                        1.12 USD
  Expenses:Taxes:Y2021:US:SocSec                   281.54 USD
  Assets:US:Federal:PreTax401k                   -1200.00 IRAUSD
  Expenses:Taxes:Y2021:US:Federal:PreTax401k      1200.00 IRAUSD
  Assets:US:Hoogle:Vacation                             5 VACHR
  Income:US:Hoogle:Vacation                            -5 VACHR

2021-06-17 * "Hoogle" "Payroll"
  Assets:US:BofA:Checking                         1350.60 USD
  Assets:US:Vanguard:Cash                         1200.00 USD
  Income:US:Hoogle:Salary                        -4615.38 USD
  Income:US:Hoogle:GroupTermLife                   -24.32 USD
  Expenses:Health:Life:GroupTermLife                24.32 USD
  Expenses:Health:Dental:Insurance                   2.90 USD
  Expenses:Health:Medical:Insurance                 27.38 USD
  Expenses:Health:Vision:Insurance                  42.30 USD
  Expenses:Taxes:Y2021:US:Medicare                 106.62 USD
  Expenses:Taxes:Y2021:US:Federal                 1062.92 USD
  Expenses:Taxes:Y2021:US:State                    365.08 USD
  Expenses:Taxes:Y2021:US:CityNYC                  174.92 USD
  Expenses:Taxes:Y2021:US:SDI                        1.12 USD
  Expenses:Taxes:Y2021:US:SocSec                   281.54 USD
  Assets:US:Federal:PreTax401k                   -1200.00 IRAUSD
  Expenses:Taxes:Y2021:US:Federal:PreTax401k      1200.00 IRAUSD
  Assets:US:Hoogle:Vacation                             5 VACHR
  Income:US:Hoogle:Vacation                            -5 VACHR

2021-07-01 * "Hoogle" "Payroll"
  Assets:US:BofA:Checking                         1350.60 USD
  Assets:US:Vanguard:Cash                         1200.00 USD
  Income:US:Hoogle:Salary                        -4615.38 USD
  Income:US:Hoogle:GroupTermLife                   -24.32 USD
  Expenses:Health:Life:GroupTermLife                24.32 USD
  Expenses:Health:Dental:Insurance                   2.90 USD
  Expenses:Health:Medical:Insurance                 27.38 USD
  Expenses:Health:Vision:Insurance                  42.30 USD
  Expenses:Taxes:Y2021:US:Medicare                 106.62 USD
  Expenses:Taxes:Y2021:US:Federal                 1062.92 USD
  Expenses:Taxes:Y2021:US:State                    365.08 USD
  Expenses:Taxes:Y2021:US:CityNYC                  174.92 USD
  Expenses:Taxes:Y2021:US:SDI                        1.12 USD
  Expenses:Taxes:Y2021:US:SocSec                   281.54 USD
  Assets:US:Federal:PreTax401k                   -1200.00 IRAUSD
  Expenses:Taxes:Y2021:US:Federal:PreTax401k      1200.00 IRAUSD
  Assets:US:Hoogle:Vacation                             5 VACHR
  Income:US:Hoogle:Vacation                            -5 VACHR

2021-07-15 * "Hoogle" "Payroll"
  Assets:US:BofA:Checking                         1350.60 USD
  Assets:US:Vanguard:Cash                         1200.00 USD
  Income:US:Hoogle:Salary                        -4615.38 USD
  Income:US:Hoogle:GroupTermLife                   -24.32 USD
  Expenses:Health:Life:GroupTermLife                24.32 USD
  Expenses:Health:Dental:Insurance                   2.90 USD
  Expenses:Health:Medical:Insurance                 27.38 USD
  Expenses:Health:Vision:Insurance                  42.30 USD
  Expenses:Taxes:Y2021:US:Medicare                 106.62 USD
  Expenses:Taxes:Y2021:US:Federal                 1062.92 USD
  Expenses:Taxes:Y2021:US:State                    365.08 USD
  Expenses:Taxes:Y2021:US:CityNYC                  174.92 USD
  Expenses:Taxes:Y2021:US:SDI                        1.12 USD
  Expenses:Taxes:Y2021:US:SocSec                   281.54 USD
  Assets:US:Federal:PreTax401k                   -1200.00 IRAUSD
  Expenses:Taxes:Y2021:US:Federal:PreTax401k      1200.00 IRAUSD
  Assets:US:Hoogle:Vacation                             5 VACHR
  Income:US:Hoogle:Vacation                            -5 VACHR

2021-07-29 * "Hoogle" "Payroll"
  Assets:US:BofA:Checking                         1350.60 USD
  Assets:US:Vanguard:Cash                         1200.00 USD
  Income:US:Hoogle:Salary                        -4615.38 USD
  Income:US:Hoogle:GroupTermLife                   -24.32 USD
  Expenses:Health:Life:GroupTermLife                24.32 USD
  Expenses:Health:Dental:Insurance                   2.90 USD
  Expenses:Health:Medical:Insurance                 27.38 USD
  Expenses:Health:Vision:Insurance                  42.30 USD
  Expenses:Taxes:Y2021:US:Medicare                 106.62 USD
  Expenses:Taxes:Y2021:US:Federal                 1062.92 USD
  Expenses:Taxes:Y2021:US:State                    365.08 USD
  Expenses:Taxes:Y2021:US:CityNYC                  174.92 USD
  Expenses:Taxes:Y2021:US:SDI                        1.12 USD
  Expenses:Taxes:Y2021:US:SocSec                   281.54 USD
  Assets:US:Federal:PreTax401k                   -1200.00 IRAUSD
  Expenses:Taxes:Y2021:US:Federal:PreTax401k      1200.00 IRAUSD
  Assets:US:Hoogle:Vacation                             5 VACHR
  Income:US:Hoogle:Vacation                            -5 VACHR

2021-08-12 * "Hoogle" "Payroll"
  Assets:US:BofA:Checking                         2050.60 USD
  Assets:US:Vanguard:Cash                          500.00 USD
  Income:US:Hoogle:Salary                        -4615.38 USD
  Income:US:Hoogle:GroupTermLife                   -24.32 USD
  Expenses:Health:Life:GroupTermLife                24.32 USD
  Expenses:Health:Dental:Insurance                   2.90 USD
  Expenses:Health:Medical:Insurance                 27.38 USD
  Expenses:Health:Vision:Insurance                  42.30 USD
  Expenses:Taxes:Y2021:US:Medicare                 106.62 USD
  Expenses:Taxes:Y2021:US:Federal                 1062.92 USD
  Expenses:Taxes:Y2021:US:State                    365.08 USD
  Expenses:Taxes:Y2021:US:CityNYC                  174.92 USD
  Expenses:Taxes:Y2021:US:SDI                        1.12 USD
  Expenses:Taxes:Y2021:US:SocSec                   281.54 USD
  Assets:US:Federal:PreTax401k                    -500.00 IRAUSD
  Expenses:Taxes:Y2021:US:Federal:PreTax401k       500.00 IRAUSD
  Assets:US:Hoogle:Vacation                             5 VACHR
  Income:US:Hoogle:Vacation                            -5 VACHR

2021-08-26 * "Hoogle" "Payroll"
  Assets:US:BofA:Checking                         2550.60 USD
  Income:US:Hoogle:Salary                        -4615.38 USD
  Income:US:Hoogle:GroupTermLife                   -24.32 USD
  Expenses:Health:Life:GroupTermLife                24.32 USD
  Expenses:Health:Dental:Insurance                   2.90 USD
  Expenses:Health:Medical:Insurance                 27.38 USD
  Expenses:Health:Vision:Insurance                  42.30 USD
  Expenses:Taxes:Y2021:US:Medicare                 106.62 USD
  Expenses:Taxes:Y2021:US:Federal                 1062.92 USD
  Expenses:Taxes:Y2021:US:State                    365.08 USD
  Expenses:Taxes:Y2021:US:CityNYC                  174.92 USD
  Expenses:Taxes:Y2021:US:SDI                        1.12 USD
  Expenses:Taxes:Y2021:US:SocSec                   281.54 USD
  Assets:US:Federal:PreTax401k                       0.00 IRAUSD
  Assets:US:Hoogle:Vacation                             5 VACHR
  Income:US:Hoogle:Vacation                            -5 VACHR



* Taxes

1980-05-12 open Income:US:Federal:PreTax401k                    IRAUSD
1980-05-12 open Assets:US:Federal:PreTax401k                    IRAUSD
  balance_sheet_category: "Assets:Non-current assets:Taxes"
  equity_category: "Equity:Non-current equity:Non-current assets"



** Tax Year 2019

2019-01-01 open Expenses:Taxes:Y2019:US:Federal:PreTax401k      IRAUSD
2019-01-01 open Expenses:Taxes:Y2019:US:Medicare                USD
2019-01-01 open Expenses:Taxes:Y2019:US:Federal                 USD
2019-01-01 open Expenses:Taxes:Y2019:US:CityNYC                 USD
2019-01-01 open Expenses:Taxes:Y2019:US:SDI                     USD
2019-01-01 open Expenses:Taxes:Y2019:US:State                   USD
2019-01-01 open Expenses:Taxes:Y2019:US:SocSec                  USD

2019-01-01 balance Assets:US:Federal:PreTax401k         0 IRAUSD

2019-01-01 * "Allowed contributions for one year"
  Income:US:Federal:PreTax401k                     -18500 IRAUSD
  Assets:US:Federal:PreTax401k                      18500 IRAUSD

2020-03-21 * "Filing taxes for 2019"
  Expenses:Taxes:Y2019:US:Federal                  590.86 USD
  Expenses:Taxes:Y2019:US:State                    239.59 USD
  Liabilities:AccountsPayable                     -830.45 USD

2020-03-23 * "FEDERAL TAXPYMT"
  Assets:US:BofA:Checking                         -590.86 USD
  Liabilities:AccountsPayable                      590.86 USD

2020-03-25 * "STATE TAX & FINANC PYMT"
  Assets:US:BofA:Checking                         -239.59 USD
  Liabilities:AccountsPayable                      239.59 USD



** Tax Year 2020

2020-01-01 open Expenses:Taxes:Y2020:US:Federal:PreTax401k      IRAUSD
2020-01-01 open Expenses:Taxes:Y2020:US:Medicare                USD
2020-01-01 open Expenses:Taxes:Y2020:US:Federal                 USD
2020-01-01 open Expenses:Taxes:Y2020:US:CityNYC                 USD
2020-01-01 open Expenses:Taxes:Y2020:US:SDI                     USD
2020-01-01 open Expenses:Taxes:Y2020:US:State                   USD
2020-01-01 open Expenses:Taxes:Y2020:US:SocSec                  USD

2020-01-01 balance Assets:US:Federal:PreTax401k         0 IRAUSD

2020-01-01 * "Allowed contributions for one year"
  Income:US:Federal:PreTax401k                     -18500 IRAUSD
  Assets:US:Federal:PreTax401k                      18500 IRAUSD

2021-03-20 * "Filing taxes for 2020"
  Expenses:Taxes:Y2020:US:Federal                  423.59 USD
  Expenses:Taxes:Y2020:US:State                    319.22 USD
  Liabilities:AccountsPayable                     -742.81 USD

2021-03-21 * "FEDERAL TAXPYMT"
  Assets:US:BofA:Checking                         -423.59 USD
  Liabilities:AccountsPayable                      423.59 USD

2021-03-24 * "STATE TAX & FINANC PYMT"
  Assets:US:BofA:Checking                         -319.22 USD
  Liabilities:AccountsPayable                      319.22 USD



** Tax Year 2021

2021-01-01 open Expenses:Taxes:Y2021:US:Federal:PreTax401k      IRAUSD
2021-01-01 open Expenses:Taxes:Y2021:US:Medicare                USD
2021-01-01 open Expenses:Taxes:Y2021:US:Federal                 USD
2021-01-01 open Expenses:Taxes:Y2021:US:CityNYC                 USD
2021-01-01 open Expenses:Taxes:Y2021:US:SDI                     USD
2021-01-01 open Expenses:Taxes:Y2021:US:State                   USD
2021-01-01 open Expenses:Taxes:Y2021:US:SocSec                  USD

2021-01-01 balance Assets:US:Federal:PreTax401k         0 IRAUSD

2021-01-01 * "Allowed contributions for one year"
  Income:US:Federal:PreTax401k                     -18500 IRAUSD
  Assets:US:Federal:PreTax401k                      18500 IRAUSD



* Expenses

1980-05-12 open Expenses:Food:Groceries
1980-05-12 open Expenses:Food:Restaurant
1980-05-12 open Expenses:Food:Coffee
1980-05-12 open Expenses:Food:Alcohol
1980-05-12 open Expenses:Transport:Tram
1980-05-12 open Expenses:Home:Rent
1980-05-12 open Expenses:Home:Electricity
1980-05-12 open Expenses:Home:Internet
1980-05-12 open Expenses:Home:Phone
1980-05-12 open Expenses:Financial:Fees
1980-05-12 open Expenses:Financial:Commissions



* Prices

2019-01-04 price VBMPX                              37.20 USD
2019-01-04 price RGAGX                             115.76 USD
2019-01-04 price ITOT                              123.17 USD
2019-01-04 price VEA                                32.19 USD
2019-01-04 price VHT                               111.27 USD
2019-01-04 price GLD                                41.09 USD
2019-01-11 price VBMPX                              38.07 USD
2019-01-11 price RGAGX                             116.64 USD
2019-01-11 price ITOT                              123.09 USD
2019-01-11 price VEA                                31.97 USD
2019-01-11 price VHT                               110.92 USD
2019-01-11 price GLD                                41.02 USD
2019-01-18 price VBMPX                              39.82 USD
2019-01-18 price RGAGX                             114.94 USD
2019-01-18 price ITOT                              126.59 USD
2019-01-18 price VEA                                31.85 USD
2019-01-18 price VHT                               111.22 USD
2019-01-18 price GLD                                40.37 USD
2019-01-25 price VBMPX                              40.48 USD
2019-01-25 price RGAGX                             115.55 USD
2019-01-25 price ITOT                              129.61 USD
2019-01-25 price VEA                                32.12 USD
2019-01-25 price VHT                               111.87 USD
2019-01-25 price GLD                                40.81 USD
2019-02-01 price VBMPX                              39.85 USD
2019-02-01 price RGAGX                             115.04 USD
2019-02-01 price ITOT                              128.75 USD
2019-02-01 price VEA                                31.23 USD
2019-02-01 price VHT                               111.77 USD
2019-02-01 price GLD                                40.85 USD
2019-02-08 price VBMPX                              38.82 USD
2019-02-08 price RGAGX                             115.57 USD
2019-02-08 price ITOT                              128.78 USD
2019-02-08 price VEA                                32.14 USD
2019-02-08 price VHT                               111.98 USD
2019-02-08 price GLD                                41.56 USD
2019-02-15 price VBMPX                              38.01 USD
2019-02-15 price RGAGX                             116.05 USD
2019-02-15 price ITOT                              127.06 USD
2019-02-15 price VEA                                32.35 USD
2019-02-15 price VHT                               113.01 USD
2019-02-15 price GLD                                42.66 USD
2019-02-22 price VBMPX                              37.71 USD
2019-02-22 price RGAGX                             115.49 USD
2019-02-22 price ITOT                              127.09 USD
2019-02-22 price VEA                                32.45 USD
2019-02-22 price VHT                               114.19 USD
2019-02-22 price GLD                                42.82 USD
2019-03-01 price VBMPX                              38.01 USD
2019-03-01 price RGAGX                             117.81 USD
2019-03-01 price ITOT                              126.64 USD
2019-03-01 price VEA                                32.67 USD
2019-03-01 price VHT                               115.13 USD
2019-03-01 price GLD                                42.78 USD
2019-03-08 price VBMPX                              38.54 USD
2019-03-08 price RGAGX                             119.46 USD
2019-03-08 price ITOT                              126.82 USD
2019-03-08 price VEA                                32.84 USD
2019-03-08 price VHT                               115.52 USD
2019-03-08 price GLD                                42.44 USD
2019-03-15 price VBMPX                              38.10 USD
2019-03-15 price RGAGX                             120.88 USD
2019-03-15 price ITOT                              127.02 USD
2019-03-15 price VEA                                33.25 USD
2019-03-15 price VHT                               116.35 USD
2019-03-15 price GLD                                43.08 USD
2019-03-22 price VBMPX                              38.65 USD
2019-03-22 price RGAGX                             120.43 USD
2019-03-22 price ITOT                              129.99 USD
2019-03-22 price VEA                                33.21 USD
2019-03-22 price VHT                               117.07 USD
2019-03-22 price GLD                                44.12 USD
2019-03-29 price VBMPX                              40.23 USD
2019-03-29 price RGAGX                             121.51 USD
2019-03-29 price ITOT                              129.76 USD
2019-03-29 price VEA                                33.21 USD
2019-03-29 price VHT                               116.55 USD
2019-03-29 price GLD                                43.92 USD
2019-04-05 price VBMPX                              40.06 USD
2019-04-05 price RGAGX                             122.97 USD
2019-04-05 price ITOT                              131.01 USD
2019-04-05 price VEA                                33.66 USD
2019-04-05 price VHT                               117.16 USD
2019-04-05 price GLD                                44.25 USD
2019-04-12 price VBMPX                              40.21 USD
2019-04-12 price RGAGX                             124.81 USD
2019-04-12 price ITOT                              133.13 USD
2019-04-12 price VEA                                33.38 USD
2019-04-12 price VHT                               118.27 USD
2019-04-12 price GLD                                43.97 USD
2019-04-19 price VBMPX                              39.56 USD
2019-04-19 price RGAGX                             124.42 USD
2019-04-19 price ITOT                              132.74 USD
2019-04-19 price VEA                                34.18 USD
2019-04-19 price VHT                               118.00 USD
2019-04-19 price GLD                                43.66 USD
2019-04-26 price VBMPX                              41.20 USD
2019-04-26 price RGAGX                             123.65 USD
2019-04-26 price ITOT                              135.93 USD
2019-04-26 price VEA                                33.92 USD
2019-04-26 price VHT                               118.29 USD
2019-04-26 price GLD                                43.35 USD
2019-05-03 price VBMPX                              40.26 USD
2019-05-03 price RGAGX                             122.55 USD
2019-05-03 price ITOT                              136.69 USD
2019-05-03 price VEA                                34.16 USD
2019-05-03 price VHT                               117.86 USD
2019-05-03 price GLD                                42.91 USD
2019-05-10 price VBMPX                              39.42 USD
2019-05-10 price RGAGX                             122.94 USD
2019-05-10 price ITOT                              136.58 USD
2019-05-10 price VEA                                33.18 USD
2019-05-10 price VHT                               118.81 USD
2019-05-10 price GLD                                43.92 USD
2019-05-17 price VBMPX                              38.71 USD
2019-05-17 price RGAGX                             123.93 USD
2019-05-17 price ITOT                              136.52 USD
2019-05-17 price VEA                                33.60 USD
2019-05-17 price VHT                               119.33 USD
2019-05-17 price GLD                                44.21 USD
2019-05-24 price VBMPX                              37.66 USD
2019-05-24 price RGAGX                             125.47 USD
2019-05-24 price ITOT                              137.91 USD
2019-05-24 price VEA                                34.54 USD
2019-05-24 price VHT                               119.46 USD
2019-05-24 price GLD                                44.14 USD
2019-05-31 price VBMPX                              38.24 USD
2019-05-31 price RGAGX                             126.21 USD
2019-05-31 price ITOT                              141.71 USD
2019-05-31 price VEA                                34.36 USD
2019-05-31 price VHT                               119.69 USD
2019-05-31 price GLD                                44.06 USD
2019-06-07 price VBMPX                              38.65 USD
2019-06-07 price RGAGX                             125.10 USD
2019-06-07 price ITOT                              143.53 USD
2019-06-07 price VEA                                33.82 USD
2019-06-07 price VHT                               119.17 USD
2019-06-07 price GLD                                44.01 USD
2019-06-14 price VBMPX                              39.10 USD
2019-06-14 price RGAGX                             124.28 USD
2019-06-14 price ITOT                              141.43 USD
2019-06-14 price VEA                                33.42 USD
2019-06-14 price VHT                               119.20 USD
2019-06-14 price GLD                                43.04 USD
2019-06-21 price VBMPX                              38.07 USD
2019-06-21 price RGAGX                             126.03 USD
2019-06-21 price ITOT                              138.92 USD
2019-06-21 price VEA                                33.82 USD
2019-06-21 price VHT                               119.57 USD
2019-06-21 price GLD                                44.16 USD
2019-06-28 price VBMPX                              38.25 USD
2019-06-28 price RGAGX                             124.98 USD
2019-06-28 price ITOT                              138.74 USD
2019-06-28 price VEA                                34.00 USD
2019-06-28 price VHT                               119.22 USD
2019-06-28 price GLD                                45.02 USD
2019-07-05 price VBMPX                              38.41 USD
2019-07-05 price RGAGX                             126.25 USD
2019-07-05 price ITOT                              140.26 USD
2019-07-05 price VEA                                33.99 USD
2019-07-05 price VHT                               119.83 USD
2019-07-05 price GLD                                45.40 USD
2019-07-12 price VBMPX                              39.10 USD
2019-07-12 price RGAGX                             127.74 USD
2019-07-12 price ITOT                              139.71 USD
2019-07-12 price VEA                                34.07 USD
2019-07-12 price VHT                               120.48 USD
2019-07-12 price GLD                                45.18 USD
2019-07-19 price VBMPX                              40.38 USD
2019-07-19 price RGAGX                             128.96 USD
2019-07-19 price ITOT                              139.86 USD
2019-07-19 price VEA                                34.04 USD
2019-07-19 price VHT                               121.95 USD
2019-07-19 price GLD                                46.28 USD
2019-07-26 price VBMPX                              39.24 USD
2019-07-26 price RGAGX                             130.73 USD
2019-07-26 price ITOT                              141.46 USD
2019-07-26 price VEA                                34.02 USD
2019-07-26 price VHT                               122.02 USD
2019-07-26 price GLD                                47.14 USD
2019-08-02 price VBMPX                              40.32 USD
2019-08-02 price RGAGX                             130.12 USD
2019-08-02 price ITOT                              139.87 USD
2019-08-02 price VEA                                34.11 USD
2019-08-02 price VHT                               122.61 USD
2019-08-02 price GLD                                47.34 USD
2019-08-09 price VBMPX                              40.68 USD
2019-08-09 price RGAGX                             131.52 USD
2019-08-09 price ITOT                              142.50 USD
2019-08-09 price VEA                                33.96 USD
2019-08-09 price VHT                               123.13 USD
2019-08-09 price GLD                                47.53 USD
2019-08-16 price VBMPX                              42.30 USD
2019-08-16 price RGAGX                             131.69 USD
2019-08-16 price ITOT                              144.22 USD
2019-08-16 price VEA                                34.07 USD
2019-08-16 price VHT                               123.33 USD
2019-08-16 price GLD                                47.48 USD
2019-08-23 price VBMPX                              41.73 USD
2019-08-23 price RGAGX                             132.34 USD
2019-08-23 price ITOT                              142.11 USD
2019-08-23 price VEA                                34.34 USD
2019-08-23 price VHT                               123.88 USD
2019-08-23 price GLD                                46.60 USD
2019-08-30 price VBMPX                              42.93 USD
2019-08-30 price RGAGX                             128.51 USD
2019-08-30 price ITOT                              142.74 USD
2019-08-30 price VEA                                35.21 USD
2019-08-30 price VHT                               122.88 USD
2019-08-30 price GLD                                47.08 USD
2019-09-06 price VBMPX                              41.34 USD
2019-09-06 price RGAGX                             128.77 USD
2019-09-06 price ITOT                              142.01 USD
2019-09-06 price VEA                                34.87 USD
2019-09-06 price VHT                               123.25 USD
2019-09-06 price GLD                                46.73 USD
2019-09-13 price VBMPX                              42.94 USD
2019-09-13 price RGAGX                             130.14 USD
2019-09-13 price ITOT                              144.60 USD
2019-09-13 price VEA                                35.43 USD
2019-09-13 price VHT                               123.78 USD
2019-09-13 price GLD                                47.24 USD
2019-09-20 price VBMPX                              43.17 USD
2019-09-20 price RGAGX                             128.70 USD
2019-09-20 price ITOT                              145.40 USD
2019-09-20 price VEA                                34.65 USD
2019-09-20 price VHT                               124.41 USD
2019-09-20 price GLD                                47.50 USD
2019-09-27 price VBMPX                              43.79 USD
2019-09-27 price RGAGX                             126.96 USD
2019-09-27 price ITOT                              144.58 USD
2019-09-27 price VEA                                35.04 USD
2019-09-27 price VHT                               124.54 USD
2019-09-27 price GLD                                47.49 USD
2019-10-04 price VBMPX                              43.34 USD
2019-10-04 price RGAGX                             128.36 USD
2019-10-04 price ITOT                              144.93 USD
2019-10-04 price VEA                                34.90 USD
2019-10-04 price VHT                               124.46 USD
2019-10-04 price GLD                                46.70 USD
2019-10-11 price VBMPX                              44.41 USD
2019-10-11 price RGAGX                             130.26 USD
2019-10-11 price ITOT                              146.50 USD
2019-10-11 price VEA                                34.34 USD
2019-10-11 price VHT                               124.44 USD
2019-10-11 price GLD                                46.08 USD
2019-10-18 price VBMPX                              46.43 USD
2019-10-18 price RGAGX                             131.03 USD
2019-10-18 price ITOT                              146.23 USD
2019-10-18 price VEA                                34.19 USD
2019-10-18 price VHT                               124.40 USD
2019-10-18 price GLD                                45.64 USD
2019-10-25 price VBMPX                              46.11 USD
2019-10-25 price RGAGX                             131.62 USD
2019-10-25 price ITOT                              147.30 USD
2019-10-25 price VEA                                34.96 USD
2019-10-25 price VHT                               124.40 USD
2019-10-25 price GLD                                45.68 USD
2019-11-01 price VBMPX                              44.41 USD
2019-11-01 price RGAGX                             130.83 USD
2019-11-01 price ITOT                              144.30 USD
2019-11-01 price VEA                                34.82 USD
2019-11-01 price VHT                               124.14 USD
2019-11-01 price GLD                                45.87 USD
2019-11-08 price VBMPX                              46.19 USD
2019-11-08 price RGAGX                             132.71 USD
2019-11-08 price ITOT                              144.96 USD
2019-11-08 price VEA                                35.53 USD
2019-11-08 price VHT                               124.39 USD
2019-11-08 price GLD                                45.86 USD
2019-11-15 price VBMPX                              45.64 USD
2019-11-15 price RGAGX                             131.38 USD
2019-11-15 price ITOT                              149.83 USD
2019-11-15 price VEA                                34.84 USD
2019-11-15 price VHT                               125.17 USD
2019-11-15 price GLD                                46.31 USD
2019-11-22 price VBMPX                              44.69 USD
2019-11-22 price RGAGX                             132.38 USD
2019-11-22 price ITOT                              153.10 USD
2019-11-22 price VEA                                35.29 USD
2019-11-22 price VHT                               125.42 USD
2019-11-22 price GLD                                45.99 USD
2019-11-29 price VBMPX                              43.09 USD
2019-11-29 price RGAGX                             134.10 USD
2019-11-29 price ITOT                              152.44 USD
2019-11-29 price VEA                                35.36 USD
2019-11-29 price VHT                               126.01 USD
2019-11-29 price GLD                                46.27 USD
2019-12-06 price VBMPX                              40.53 USD
2019-12-06 price RGAGX                             134.44 USD
2019-12-06 price ITOT                              152.35 USD
2019-12-06 price VEA                                35.24 USD
2019-12-06 price VHT                               126.88 USD
2019-12-06 price GLD                                46.42 USD
2019-12-13 price VBMPX                              40.83 USD
2019-12-13 price RGAGX                             133.78 USD
2019-12-13 price ITOT                              152.14 USD
2019-12-13 price VEA                                35.68 USD
2019-12-13 price VHT                               126.24 USD
2019-12-13 price GLD                                46.75 USD
2019-12-20 price VBMPX                              41.45 USD
2019-12-20 price RGAGX                             132.84 USD
2019-12-20 price ITOT                              154.75 USD
2019-12-20 price VEA                                35.65 USD
2019-12-20 price VHT                               125.33 USD
2019-12-20 price GLD                                47.20 USD
2019-12-27 price VBMPX                              40.89 USD
2019-12-27 price RGAGX                             134.63 USD
2019-12-27 price ITOT                              156.64 USD
2019-12-27 price VEA                                35.99 USD
2019-12-27 price VHT                               124.54 USD
2019-12-27 price GLD                                47.43 USD
2020-01-03 price VBMPX                              40.94 USD
2020-01-03 price RGAGX                             133.93 USD
2020-01-03 price ITOT                              156.73 USD
2020-01-03 price VEA                                35.75 USD
2020-01-03 price VHT                               124.21 USD
2020-01-03 price GLD                                47.09 USD
2020-01-10 price VBMPX                              40.91 USD
2020-01-10 price RGAGX                             133.67 USD
2020-01-10 price ITOT                              155.37 USD
2020-01-10 price VEA                                36.55 USD
2020-01-10 price VHT                               123.06 USD
2020-01-10 price GLD                                48.10 USD
2020-01-17 price VBMPX                              40.97 USD
2020-01-17 price RGAGX                             133.97 USD
2020-01-17 price ITOT                              157.38 USD
2020-01-17 price VEA                                37.94 USD
2020-01-17 price VHT                               123.09 USD
2020-01-17 price GLD                                46.87 USD
2020-01-24 price VBMPX                              42.49 USD
2020-01-24 price RGAGX                             132.66 USD
2020-01-24 price ITOT                              155.37 USD
2020-01-24 price VEA                                38.68 USD
2020-01-24 price VHT                               124.45 USD
2020-01-24 price GLD                                46.67 USD
2020-01-31 price VBMPX                              41.96 USD
2020-01-31 price RGAGX                             131.44 USD
2020-01-31 price ITOT                              155.18 USD
2020-01-31 price VEA                                38.42 USD
2020-01-31 price VHT                               124.69 USD
2020-01-31 price GLD                                47.16 USD
2020-02-07 price VBMPX                              41.46 USD
2020-02-07 price RGAGX                             132.27 USD
2020-02-07 price ITOT                              157.89 USD
2020-02-07 price VEA                                38.99 USD
2020-02-07 price VHT                               125.81 USD
2020-02-07 price GLD                                49.30 USD
2020-02-14 price VBMPX                              42.49 USD
2020-02-14 price RGAGX                             132.29 USD
2020-02-14 price ITOT                              159.77 USD
2020-02-14 price VEA                                39.94 USD
2020-02-14 price VHT                               125.74 USD
2020-02-14 price GLD                                49.05 USD
2020-02-21 price VBMPX                              42.85 USD
2020-02-21 price RGAGX                             132.17 USD
2020-02-21 price ITOT                              161.44 USD
2020-02-21 price VEA                                40.42 USD
2020-02-21 price VHT                               126.97 USD
2020-02-21 price GLD                                49.36 USD
2020-02-28 price VBMPX                              44.20 USD
2020-02-28 price RGAGX                             133.18 USD
2020-02-28 price ITOT                              159.46 USD
2020-02-28 price VEA                                41.15 USD
2020-02-28 price VHT                               127.27 USD
2020-02-28 price GLD                                49.01 USD
2020-03-06 price VBMPX                              44.13 USD
2020-03-06 price RGAGX                             135.55 USD
2020-03-06 price ITOT                              155.74 USD
2020-03-06 price VEA                                40.90 USD
2020-03-06 price VHT                               126.84 USD
2020-03-06 price GLD                                48.78 USD
2020-03-13 price VBMPX                              43.08 USD
2020-03-13 price RGAGX                             140.20 USD
2020-03-13 price ITOT                              154.07 USD
2020-03-13 price VEA                                41.05 USD
2020-03-13 price VHT                               128.04 USD
2020-03-13 price GLD                                48.81 USD
2020-03-20 price VBMPX                              44.57 USD
2020-03-20 price RGAGX                             142.44 USD
2020-03-20 price ITOT                              153.28 USD
2020-03-20 price VEA                                41.90 USD
2020-03-20 price VHT                               127.64 USD
2020-03-20 price GLD                                50.30 USD
2020-03-27 price VBMPX                              44.86 USD
2020-03-27 price RGAGX                             143.21 USD
2020-03-27 price ITOT                              153.97 USD
2020-03-27 price VEA                                42.17 USD
2020-03-27 price VHT                               129.00 USD
2020-03-27 price GLD                                50.17 USD
2020-04-03 price VBMPX                              43.81 USD
2020-04-03 price RGAGX                             144.42 USD
2020-04-03 price ITOT                              157.76 USD
2020-04-03 price VEA                                41.78 USD
2020-04-03 price VHT                               128.91 USD
2020-04-03 price GLD                                51.60 USD
2020-04-10 price VBMPX                              42.91 USD
2020-04-10 price RGAGX                             143.69 USD
2020-04-10 price ITOT                              158.83 USD
2020-04-10 price VEA                                41.90 USD
2020-04-10 price VHT                               130.51 USD
2020-04-10 price GLD                                52.33 USD
2020-04-17 price VBMPX                              42.99 USD
2020-04-17 price RGAGX                             143.41 USD
2020-04-17 price ITOT                              159.15 USD
2020-04-17 price VEA                                42.76 USD
2020-04-17 price VHT                               131.04 USD
2020-04-17 price GLD                                53.20 USD
2020-04-24 price VBMPX                              43.32 USD
2020-04-24 price RGAGX                             145.50 USD
2020-04-24 price ITOT                              158.42 USD
2020-04-24 price VEA                                42.46 USD
2020-04-24 price VHT                               132.47 USD
2020-04-24 price GLD                                52.37 USD
2020-05-01 price VBMPX                              41.92 USD
2020-05-01 price RGAGX                             147.40 USD
2020-05-01 price ITOT                              159.95 USD
2020-05-01 price VEA                                42.16 USD
2020-05-01 price VHT                               132.58 USD
2020-05-01 price GLD                                53.80 USD
2020-05-08 price VBMPX                              43.32 USD
2020-05-08 price RGAGX                             144.85 USD
2020-05-08 price ITOT                              159.06 USD
2020-05-08 price VEA                                42.57 USD
2020-05-08 price VHT                               131.86 USD
2020-05-08 price GLD                                54.95 USD
2020-05-15 price VBMPX                              42.54 USD
2020-05-15 price RGAGX                             143.46 USD
2020-05-15 price ITOT                              155.31 USD
2020-05-15 price VEA                                42.95 USD
2020-05-15 price VHT                               132.30 USD
2020-05-15 price GLD                                55.04 USD
2020-05-22 price VBMPX                              41.51 USD
2020-05-22 price RGAGX                             141.94 USD
2020-05-22 price ITOT                              156.81 USD
2020-05-22 price VEA                                43.44 USD
2020-05-22 price VHT                               132.32 USD
2020-05-22 price GLD                                54.78 USD
2020-05-29 price VBMPX                              42.34 USD
2020-05-29 price RGAGX                             139.92 USD
2020-05-29 price ITOT                              159.42 USD
2020-05-29 price VEA                                44.19 USD
2020-05-29 price VHT                               132.13 USD
2020-05-29 price GLD                                55.43 USD
2020-06-05 price VBMPX                              42.67 USD
2020-06-05 price RGAGX                             139.37 USD
2020-06-05 price ITOT                              157.16 USD
2020-06-05 price VEA                                44.11 USD
2020-06-05 price VHT                               131.45 USD
2020-06-05 price GLD                                55.97 USD
2020-06-12 price VBMPX                              42.92 USD
2020-06-12 price RGAGX                             138.76 USD
2020-06-12 price ITOT                              155.55 USD
2020-06-12 price VEA                                44.09 USD
2020-06-12 price VHT                               132.57 USD
2020-06-12 price GLD                                55.67 USD
2020-06-19 price VBMPX                              41.72 USD
2020-06-19 price RGAGX                             140.45 USD
2020-06-19 price ITOT                              159.27 USD
2020-06-19 price VEA                                43.90 USD
2020-06-19 price VHT                               132.41 USD
2020-06-19 price GLD                                55.83 USD
2020-06-26 price VBMPX                              43.11 USD
2020-06-26 price RGAGX                             141.51 USD
2020-06-26 price ITOT                              159.48 USD
2020-06-26 price VEA                                43.44 USD
2020-06-26 price VHT                               133.29 USD
2020-06-26 price GLD                                56.20 USD
2020-07-03 price VBMPX                              41.60 USD
2020-07-03 price RGAGX                             144.57 USD
2020-07-03 price ITOT                              158.13 USD
2020-07-03 price VEA                                43.59 USD
2020-07-03 price VHT                               133.73 USD
2020-07-03 price GLD                                55.72 USD
2020-07-10 price VBMPX                              41.97 USD
2020-07-10 price RGAGX                             144.42 USD
2020-07-10 price ITOT                              159.60 USD
2020-07-10 price VEA                                44.45 USD
2020-07-10 price VHT                               133.62 USD
2020-07-10 price GLD                                55.09 USD
2020-07-17 price VBMPX                              42.30 USD
2020-07-17 price RGAGX                             144.60 USD
2020-07-17 price ITOT                              158.33 USD
2020-07-17 price VEA                                44.36 USD
2020-07-17 price VHT                               134.65 USD
2020-07-17 price GLD                                54.83 USD
2020-07-24 price VBMPX                              41.08 USD
2020-07-24 price RGAGX                             146.94 USD
2020-07-24 price ITOT                              156.75 USD
2020-07-24 price VEA                                44.08 USD
2020-07-24 price VHT                               134.50 USD
2020-07-24 price GLD                                53.80 USD
2020-07-31 price VBMPX                              41.60 USD
2020-07-31 price RGAGX                             145.39 USD
2020-07-31 price ITOT                              155.82 USD
2020-07-31 price VEA                                44.84 USD
2020-07-31 price VHT                               135.39 USD
2020-07-31 price GLD                                54.05 USD
2020-08-07 price VBMPX                              40.89 USD
2020-08-07 price RGAGX                             143.40 USD
2020-08-07 price ITOT                              154.84 USD
2020-08-07 price VEA                                44.69 USD
2020-08-07 price VHT                               135.71 USD
2020-08-07 price GLD                                54.85 USD
2020-08-14 price VBMPX                              41.95 USD
2020-08-14 price RGAGX                             144.38 USD
2020-08-14 price ITOT                              157.50 USD
2020-08-14 price VEA                                44.85 USD
2020-08-14 price VHT                               135.77 USD
2020-08-14 price GLD                                55.61 USD
2020-08-21 price VBMPX                              42.25 USD
2020-08-21 price RGAGX                             145.69 USD
2020-08-21 price ITOT                              155.74 USD
2020-08-21 price VEA                                43.47 USD
2020-08-21 price VHT                               135.50 USD
2020-08-21 price GLD                                55.51 USD
2020-08-28 price VBMPX                              42.33 USD
2020-08-28 price RGAGX                             145.37 USD
2020-08-28 price ITOT                              154.55 USD
2020-08-28 price VEA                                43.24 USD
2020-08-28 price VHT                               135.65 USD
2020-08-28 price GLD                                55.37 USD
2020-09-04 price VBMPX                              41.88 USD
2020-09-04 price RGAGX                             146.99 USD
2020-09-04 price ITOT                              154.87 USD
2020-09-04 price VEA                                42.57 USD
2020-09-04 price VHT                               133.93 USD
2020-09-04 price GLD                                55.80 USD
2020-09-11 price VBMPX                              41.48 USD
2020-09-11 price RGAGX                             146.89 USD
2020-09-11 price ITOT                              151.05 USD
2020-09-11 price VEA                                43.20 USD
2020-09-11 price VHT                               136.03 USD
2020-09-11 price GLD                                55.66 USD
2020-09-18 price VBMPX                              39.65 USD
2020-09-18 price RGAGX                             146.98 USD
2020-09-18 price ITOT                              149.46 USD
2020-09-18 price VEA                                43.66 USD
2020-09-18 price VHT                               136.62 USD
2020-09-18 price GLD                                55.22 USD
2020-09-25 price VBMPX                              40.32 USD
2020-09-25 price RGAGX                             147.26 USD
2020-09-25 price ITOT                              148.97 USD
2020-09-25 price VEA                                43.70 USD
2020-09-25 price VHT                               137.90 USD
2020-09-25 price GLD                                55.86 USD
2020-10-02 price VBMPX                              40.69 USD
2020-10-02 price RGAGX                             146.65 USD
2020-10-02 price ITOT                              150.44 USD
2020-10-02 price VEA                                44.17 USD
2020-10-02 price VHT                               137.38 USD
2020-10-02 price GLD                                55.07 USD
2020-10-09 price VBMPX                              40.18 USD
2020-10-09 price RGAGX                             147.01 USD
2020-10-09 price ITOT                              152.13 USD
2020-10-09 price VEA                                44.29 USD
2020-10-09 price VHT                               137.01 USD
2020-10-09 price GLD                                55.88 USD
2020-10-16 price VBMPX                              40.33 USD
2020-10-16 price RGAGX                             145.74 USD
2020-10-16 price ITOT                              153.37 USD
2020-10-16 price VEA                                44.72 USD
2020-10-16 price VHT                               138.18 USD
2020-10-16 price GLD                                56.38 USD
2020-10-23 price VBMPX                              41.05 USD
2020-10-23 price RGAGX                             144.40 USD
2020-10-23 price ITOT                              149.82 USD
2020-10-23 price VEA                                44.24 USD
2020-10-23 price VHT                               138.70 USD
2020-10-23 price GLD                                55.82 USD
2020-10-30 price VBMPX                              40.12 USD
2020-10-30 price RGAGX                             141.96 USD
2020-10-30 price ITOT                              153.09 USD
2020-10-30 price VEA                                45.90 USD
2020-10-30 price VHT                               139.68 USD
2020-10-30 price GLD                                56.94 USD
2020-11-06 price VBMPX                              39.93 USD
2020-11-06 price RGAGX                             141.77 USD
2020-11-06 price ITOT                              153.43 USD
2020-11-06 price VEA                                45.22 USD
2020-11-06 price VHT                               140.49 USD
2020-11-06 price GLD                                56.71 USD
2020-11-13 price VBMPX                              40.52 USD
2020-11-13 price RGAGX                             144.29 USD
2020-11-13 price ITOT                              154.59 USD
2020-11-13 price VEA                                43.96 USD
2020-11-13 price VHT                               141.30 USD
2020-11-13 price GLD                                58.11 USD
2020-11-20 price VBMPX                              40.71 USD
2020-11-20 price RGAGX                             147.65 USD
2020-11-20 price ITOT                              153.06 USD
2020-11-20 price VEA                                44.27 USD
2020-11-20 price VHT                               140.79 USD
2020-11-20 price GLD                                59.20 USD
2020-11-27 price VBMPX                              40.53 USD
2020-11-27 price RGAGX                             147.07 USD
2020-11-27 price ITOT                              151.59 USD
2020-11-27 price VEA                                44.10 USD
2020-11-27 price VHT                               141.84 USD
2020-11-27 price GLD                                60.34 USD
2020-12-04 price VBMPX                              41.52 USD
2020-12-04 price RGAGX                             149.02 USD
2020-12-04 price ITOT                              150.84 USD
2020-12-04 price VEA                                43.78 USD
2020-12-04 price VHT                               140.61 USD
2020-12-04 price GLD                                61.63 USD
2020-12-11 price VBMPX                              42.03 USD
2020-12-11 price RGAGX                             150.63 USD
2020-12-11 price ITOT                              153.29 USD
2020-12-11 price VEA                                43.23 USD
2020-12-11 price VHT                               141.10 USD
2020-12-11 price GLD                                62.21 USD
2020-12-18 price VBMPX                              40.96 USD
2020-12-18 price RGAGX                             150.52 USD
2020-12-18 price ITOT                              155.18 USD
2020-12-18 price VEA                                43.67 USD
2020-12-18 price VHT                               140.00 USD
2020-12-18 price GLD                                62.04 USD
2020-12-25 price VBMPX                              40.20 USD
2020-12-25 price RGAGX                             151.82 USD
2020-12-25 price ITOT                              153.79 USD
2020-12-25 price VEA                                43.81 USD
2020-12-25 price VHT                               139.70 USD
2020-12-25 price GLD                                62.85 USD
2021-01-01 price VBMPX                              40.13 USD
2021-01-01 price RGAGX                             152.31 USD
2021-01-01 price ITOT                              151.58 USD
2021-01-01 price VEA                                44.85 USD
2021-01-01 price VHT                               141.37 USD
2021-01-01 price GLD                                61.56 USD
2021-01-08 price VBMPX                              40.52 USD
2021-01-08 price RGAGX                             151.32 USD
2021-01-08 price ITOT                              156.43 USD
2021-01-08 price VEA                                45.31 USD
2021-01-08 price VHT                               141.67 USD
2021-01-08 price GLD                                61.53 USD
2021-01-15 price VBMPX                              41.25 USD
2021-01-15 price RGAGX                             151.20 USD
2021-01-15 price ITOT                              153.40 USD
2021-01-15 price VEA                                44.07 USD
2021-01-15 price VHT                               140.58 USD
2021-01-15 price GLD                                60.27 USD
2021-01-22 price VBMPX                              40.87 USD
2021-01-22 price RGAGX                             149.03 USD
2021-01-22 price ITOT                              150.65 USD
2021-01-22 price VEA                                45.52 USD
2021-01-22 price VHT                               140.39 USD
2021-01-22 price GLD                                59.53 USD
2021-01-29 price VBMPX                              40.58 USD
2021-01-29 price RGAGX                             150.16 USD
2021-01-29 price ITOT                              147.80 USD
2021-01-29 price VEA                                45.87 USD
2021-01-29 price VHT                               141.18 USD
2021-01-29 price GLD                                58.21 USD
2021-02-05 price VBMPX                              40.70 USD
2021-02-05 price RGAGX                             149.92 USD
2021-02-05 price ITOT                              151.76 USD
2021-02-05 price VEA                                46.00 USD
2021-02-05 price VHT                               140.88 USD
2021-02-05 price GLD                                58.03 USD
2021-02-12 price VBMPX                              39.18 USD
2021-02-12 price RGAGX                             149.35 USD
2021-02-12 price ITOT                              151.86 USD
2021-02-12 price VEA                                46.49 USD
2021-02-12 price VHT                               140.19 USD
2021-02-12 price GLD                                56.74 USD
2021-02-19 price VBMPX                              38.17 USD
2021-02-19 price RGAGX                             149.78 USD
2021-02-19 price ITOT                              152.01 USD
2021-02-19 price VEA                                46.66 USD
2021-02-19 price VHT                               141.64 USD
2021-02-19 price GLD                                56.59 USD
2021-02-26 price VBMPX                              38.47 USD
2021-02-26 price RGAGX                             150.24 USD
2021-02-26 price ITOT                              152.37 USD
2021-02-26 price VEA                                46.21 USD
2021-02-26 price VHT                               141.22 USD
2021-02-26 price GLD                                57.81 USD
2021-03-05 price VBMPX                              38.59 USD
2021-03-05 price RGAGX                             150.21 USD
2021-03-05 price ITOT                              153.52 USD
2021-03-05 price VEA                                47.07 USD
2021-03-05 price VHT                               142.95 USD
2021-03-05 price GLD                                58.28 USD
2021-03-12 price VBMPX                              37.70 USD
2021-03-12 price RGAGX                             149.50 USD
2021-03-12 price ITOT                              153.35 USD
2021-03-12 price VEA                                47.65 USD
2021-03-12 price VHT                               143.97 USD
2021-03-12 price GLD                                58.19 USD
2021-03-19 price VBMPX                              37.89 USD
2021-03-19 price RGAGX                             151.00 USD
2021-03-19 price ITOT                              154.12 USD
2021-03-19 price VEA                                48.96 USD
2021-03-19 price VHT                               143.59 USD
2021-03-19 price GLD                                58.72 USD
2021-03-26 price VBMPX                              36.74 USD
2021-03-26 price RGAGX                             153.34 USD
2021-03-26 price ITOT                              153.61 USD
2021-03-26 price VEA                                48.67 USD
2021-03-26 price VHT                               145.52 USD
2021-03-26 price GLD                                58.47 USD
2021-04-02 price VBMPX                              36.45 USD
2021-04-02 price RGAGX                             152.47 USD
2021-04-02 price ITOT                              152.46 USD
2021-04-02 price VEA                                47.79 USD
2021-04-02 price VHT                               147.23 USD
2021-04-02 price GLD                                59.03 USD
2021-04-09 price VBMPX                              36.87 USD
2021-04-09 price RGAGX                             150.35 USD
2021-04-09 price ITOT                              151.62 USD
2021-04-09 price VEA                                47.80 USD
2021-04-09 price VHT                               147.22 USD
2021-04-09 price GLD                                59.26 USD
2021-04-16 price VBMPX                              36.33 USD
2021-04-16 price RGAGX                             149.72 USD
2021-04-16 price ITOT                              152.75 USD
2021-04-16 price VEA                                47.28 USD
2021-04-16 price VHT                               146.60 USD
2021-04-16 price GLD                                59.16 USD
2021-04-23 price VBMPX                              36.65 USD
2021-04-23 price RGAGX                             149.25 USD
2021-04-23 price ITOT                              155.76 USD
2021-04-23 price VEA                                46.91 USD
2021-04-23 price VHT                               146.59 USD
2021-04-23 price GLD                                59.26 USD
2021-04-30 price VBMPX                              36.26 USD
2021-04-30 price RGAGX                             149.07 USD
2021-04-30 price ITOT                              155.78 USD
2021-04-30 price VEA                                47.05 USD
2021-04-30 price VHT                               145.85 USD
2021-04-30 price GLD                                59.83 USD
2021-05-07 price VBMPX                              35.87 USD
2021-05-07 price RGAGX                             147.91 USD
2021-05-07 price ITOT                              153.77 USD
2021-05-07 price VEA                                47.50 USD
2021-05-07 price VHT                               145.21 USD
2021-05-07 price GLD                                58.05 USD
2021-05-14 price VBMPX                              36.65 USD
2021-05-14 price RGAGX                             147.56 USD
2021-05-14 price ITOT                              153.31 USD
2021-05-14 price VEA                                47.82 USD
2021-05-14 price VHT                               145.03 USD
2021-05-14 price GLD                                58.17 USD
2021-05-21 price VBMPX                              37.08 USD
2021-05-21 price RGAGX                             147.01 USD
2021-05-21 price ITOT                              156.69 USD
2021-05-21 price VEA                                47.72 USD
2021-05-21 price VHT                               146.71 USD
2021-05-21 price GLD                                57.70 USD
2021-05-28 price VBMPX                              36.93 USD
2021-05-28 price RGAGX                             150.65 USD
2021-05-28 price ITOT                              151.47 USD
2021-05-28 price VEA                                48.66 USD
2021-05-28 price VHT                               147.85 USD
2021-05-28 price GLD                                59.09 USD
2021-06-04 price VBMPX                              36.52 USD
2021-06-04 price RGAGX                             150.43 USD
2021-06-04 price ITOT                              152.96 USD
2021-06-04 price VEA                                48.03 USD
2021-06-04 price VHT                               147.18 USD
2021-06-04 price GLD                                59.87 USD
2021-06-11 price VBMPX                              36.59 USD
2021-06-11 price RGAGX                             149.60 USD
2021-06-11 price ITOT                              154.39 USD
2021-06-11 price VEA                                48.15 USD
2021-06-11 price VHT                               146.56 USD
2021-06-11 price GLD                                58.23 USD
2021-06-18 price VBMPX                              36.59 USD
2021-06-18 price RGAGX                             151.21 USD
2021-06-18 price ITOT                              155.93 USD
2021-06-18 price VEA                                48.98 USD
2021-06-18 price VHT                               147.15 USD
2021-06-18 price GLD                                58.51 USD
2021-06-25 price VBMPX                              37.31 USD
2021-06-25 price RGAGX                             151.22 USD
2021-06-25 price ITOT                              153.85 USD
2021-06-25 price VEA                                50.60 USD
2021-06-25 price VHT                               146.91 USD
2021-06-25 price GLD                                58.08 USD
2021-07-02 price VBMPX                              37.78 USD
2021-07-02 price RGAGX                             153.49 USD
2021-07-02 price ITOT                              151.42 USD
2021-07-02 price VEA                                51.55 USD
2021-07-02 price VHT                               147.90 USD
2021-07-02 price GLD                                58.41 USD
2021-07-09 price VBMPX                              37.18 USD
2021-07-09 price RGAGX                             152.06 USD
2021-07-09 price ITOT                              152.72 USD
2021-07-09 price VEA                                51.86 USD
2021-07-09 price VHT                               147.89 USD
2021-07-09 price GLD                                58.39 USD
2021-07-16 price VBMPX                              36.85 USD
2021-07-16 price RGAGX                             153.68 USD
2021-07-16 price ITOT                              153.17 USD
2021-07-16 price VEA                                50.58 USD
2021-07-16 price VHT                               148.50 USD
2021-07-16 price GLD                                58.34 USD
2021-07-23 price VBMPX                              37.83 USD
2021-07-23 price RGAGX                             153.34 USD
2021-07-23 price ITOT                              153.40 USD
2021-07-23 price VEA                                51.09 USD
2021-07-23 price VHT                               148.17 USD
2021-07-23 price GLD                                58.43 USD
2021-07-30 price VBMPX                              38.30 USD
2021-07-30 price RGAGX                             151.48 USD
2021-07-30 price ITOT                              152.83 USD
2021-07-30 price VEA                                51.53 USD
2021-07-30 price VHT                               148.57 USD
2021-07-30 price GLD                                58.42 USD
2021-08-06 price VBMPX                              39.64 USD
2021-08-06 price RGAGX                             149.45 USD
2021-08-06 price ITOT                              152.89 USD
2021-08-06 price VEA                                50.90 USD
2021-08-06 price VHT                               149.30 USD
2021-08-06 price GLD                                58.34 USD
2021-08-13 price VBMPX                              40.04 USD
2021-08-13 price RGAGX                             149.33 USD
2021-08-13 price ITOT                              149.82 USD
2021-08-13 price VEA                                50.33 USD
2021-08-13 price VHT                               150.23 USD
2021-08-13 price GLD                                59.06 USD
2021-08-20 price VBMPX                              40.14 USD
2021-08-20 price RGAGX                             150.91 USD
2021-08-20 price ITOT                              150.42 USD
2021-08-20 price VEA                                50.15 USD
2021-08-20 price VHT                               149.64 USD
2021-08-20 price GLD                                58.72 USD
2021-08-27 price VBMPX                              40.33 USD
2021-08-27 price RGAGX                             152.38 USD
2021-08-27 price ITOT                              149.79 USD
2021-08-27 price VEA                                51.24 USD
2021-08-27 price VHT                               150.32 USD
2021-08-27 price GLD                                59.07 USD



* Cash

